1950 2954
108 169 143 224 90
233 157 393 214 DIONYSII
409 157 761 212 HALICARNASSENSIS

108 269 237 339 ,πλείους
248 266 392 332 κινδύνους
403 267 615 337 καθισταμένας.
627 267 715 324 αἴτιον
729 266 758 323 δέ
772 267 873 325 τούτων

109 354 218 422 „emim
246 349 289 409 ὅτι
302 355 353 408 τῶν
373 349 489 427 ἀγαθῶν
502 351 549 408 καί
562 351 614 406 τῶν
626 352 716 435 κακῶν
729 346 809 409 ούδέν
822 348 873 409 αύ-

110 442 159 506 „vd
173 433 240 494 καθ’
256 435 325 493 αύτύ
343 437 521 512 παραγίνεται
534 437 590 498 τοῖς
602 433 774 510 ἀνθρώποις,
803 433 874 494 ἀλλά

110 525 306 591 ,συντέτακται
325 521 371 577 καλ
397 522 600 578 συνακολουθεῖ
614 523 671 584 τοῖς
685 521 734 592 μέν
746 521 875 588 πλούτοις

110 605 176 676 ,καὶ
189 610 247 671 ταῖς
262 607 433 670 δυναστιέαις
445 599 543 677 ἀνσια,
562 602 608 660 καὶ
618 607 685 676 μιτά
699 605 797 676 ταύτης
809 602 872 663 ἀκο-

109 691 221 768 ,,λασία,
247 693 307 756 ταῖς
321 690 350 746 δέ
364 688 477 753 ἐνδείαις
494 689 540 744 καί
553 691 612 752 ταῖς
638 692 810 759 ταπεινότησι
823 711 874 747 σω·

109 773 255 854 ,,φρσσύνη
270 772 316 829 καῖ
330 774 416 844 πολλὴ
429 775 576 849 μετριότης.
597 769 663 829 ὥστε
673 775 792 844 χαλεπὸν
806 768 876 832 εἶναι

111 861 287 935 ,,διαγνσῖναι,
313 856 429 933 ποτέραν
454 853 491 914 ἀν
503 878 543 922 τις
568 857 672 921 δέξαιτο
685 861 737 915 τῶν
761 860 876 933 μερίδων

111 947 234 1013 ,τούτων
248 948 305 1010 τοῖς
318 943 398 1001 παισί
413 946 469 1007 τοῖς
480 940 566 999 αύιού
580 946 743 1000 καταλιπεῖν.
771 942 878 1019 ἴδοιμεν
905 938 907 941 ’

113 1033 189 1105 υγσὶρ
203 1026 245 1096 ἀν,
275 1033 304 1084 ίκ
316 1029 366 1101 μέν
379 1031 425 1098 τῆς
450 1029 621 1102 φαυλοτέρας
646 1021 717 1084 εἶναι
742 1029 877 1099 δοκούσης

112 1117 173 1179 ,ἐπί
188 1115 218 1169 τύ
229 1113 336 1187 βέλτιον
349 1111 384 1176 ἀς
396 1112 441 1168 ἐπί
453 1114 484 1168 εδ
498 1110 566 1168 πολύ
580 1113 628 1177 τάς
653 1114 760 1189 προέξεις
785 1113 876 1170 έπιδι-

112 1199 250 1266 ,,δσύσας·
276 1202 307 1253 εἐι
319 1196 349 1253 δέ
363 1199 410 1264 τῆς
424 1197 575 1271 κρείττονος
598 1190 763 1269 φαινομένης
787 1197 832 1254 έπῖ
845 1201 876 1253 τύ

111 1327 127 1349 ,,
136 1287 227 1358 γεῖρσν
245 1278 400 1353 εἰθισμένας
413 1283 618 1352 μεταπίπτειν.“

178 1361 277 1423 Ταῦθ’
306 1361 349 1420 ὅτι
362 1366 537 1435 συνείληπται
555 1365 642 1423 τεκαὶ
668 1368 874 1439 συγκέχρωσται,

113 1452 156 1508 καί
170 1446 203 1508 σύ
217 1445 283 1506 καθ’
310 1447 339 1504 ἓν
353 1449 467 1506 ἕκαστον
479 1448 566 1521 ὄνομα
592 1457 621 1504 έν
646 1447 711 1524 ῖδρρι
735 1455 878 1522 περιφανεῖ

112 1536 157 1592 καί
170 1535 284 1608 πλατείᾳ
305 1535 433 1608 βέβηκεν,
460 1529 526 1589 οὔδ’
540 1536 568 1589 έν
581 1538 697 1610 μακροῖς
709 1536 766 1598 τοῖς
778 1536 876 1604 μεταξύ

110 1623 216 1696 χρόνοις
230 1617 373 1693 διείργεται
383 1615 430 1672 καί
444 1616 605 1692 διαβέβηκεν
618 1613 662 1673 ἀπ’
678 1615 805 1686 ἀλλήλων,
818 1615 876 1675 ἀλλ’

111 1709 139 1761 έν
152 1703 254 1772 κινήσει
267 1698 289 1757 τ’
310 1701 377 1757 ὄντα
404 1703 530 1773 φαίνεται
555 1701 601 1758 καὶ
627 1703 704 1776 φορᾷ
729 1701 774 1758 καῖ
801 1704 876 1776 (λύσει

112 1791 229 1857 συνεχεῖ,
256 1787 370 1861 πρᾳεῖαί
391 1781 412 1841 τ’
436 1781 525 1842 αύτῶν
549 1784 601 1842 εῖσι
626 1785 673 1842 καί
695 1785 876 1856 μαλακσλκαῖ

112 1875 253 1943 προπετεῖς
267 1871 297 1926 αἱ
311 1870 498 1927 συνάπτουσαι
511 1881 513 1885 ’
525 1871 573 1940 τήν
599 1872 668 1934 λέξιν
690 1868 830 1945 ἀρμσνέσι,
845 1875 875 1928 τὸ

112 1953 215 2030 ἀλσγσν
229 1958 404 2029 ἐπιμαρτυρεῖ
423 1957 469 2024 τῆς
495 1953 578 2025 ἀκοῆς
603 1958 703 2020 πάθος.
726 1949 770 2010 ὅτι
784 1951 875 2012 δὀύκ

111 2037 178 2096 ἀλλα
193 2043 254 2098 τινά
279 2039 381 2096 τούτων
406 2037 478 2095 ίσιῖν
493 2041 584 2106 αἴτια,
610 2035 674 2106 ἢτά
697 2042 877 2114 προειρημένα

114 2123 156 2182 ἀπ’
173 2130 239 2198 ίμσύ
255 2124 315 2199 περῖ
328 2127 374 2196 τῆς
387 2121 494 2200 ἀγωγῆς
506 2123 603 2195 ταύτης
616 2125 769 2196 τῶνλύγων,
778 2120 876 2199 ῥηίδιον

112 2209 186 2267 ἰδεῖν.
210 2212 367 2280 φωνηέντων
392 2210 441 2281 μέν
465 2209 519 2284 γάρ
543 2207 702 2266 ἀντιτυπίαν
715 2204 764 2264 σύν
788 2203 825 2264 ἀν
838 2231 877 2274 τις

14 2306 17 2311 ’
112 2290 342 2368 ούδεμίανεύρσι,
370 2298 399 2349 έν
411 2296 480 2367 γσύν
505 2287 546 2358 οἷς
561 2292 719 2367 παρεθέμην
733 2289 874 2367 ἀριθμοῖς,

112 2381 205 2450 οἴομαι
220 2373 247 2434 δ’
263 2372 327 2434 οὔδ’
342 2381 371 2433 έν
384 2373 435 2448 ὅλῳ
449 2377 485 2448 τρῖ
499 2379 580 2450 λόγῳ,
609 2378 677 2445 πλὴν
689 2378 716 2432 εῖ
725 2377 752 2432 τί
764 2397 804 2449 με
811 2378 876 2434 δια-

110 2465 236 2532 λέληθεν·
261 2459 406 2533 ἡμιφώνων
420 2460 449 2517 δέ
462 2458 507 2516 καί
521 2458 636 2533 ἀφώνων
661 2457 769 2537 δλίγσις,
785 2462 830 2519 καί
842 2457 875 2518 ού

105 2549 329 2616 πάνυ·ένφανεῖς,
338 2541 403 2603 ούδέ
416 2549 541 2615 συνεχεῖς.
556 2550 643 2602 ταῦτα
654 2545 683 2601 δέ
696 2549 743 2617 τῆς
755 2542 875 2612 ιύεπείας

91 2629 173 2682 αἴτια
188 2631 226 2701 ιγ’
233 2632 302 2694 λέξει
327 2634 436 2706 γέγονε,
455 2626 531 2702 ναῖῆ
546 2632 598 2688 τῖεν
612 2630 700 2689 κώλων
724 2635 874 2706 συμμετρία
