1950 2954
91 144 144 208 246
212 139 375 192 DIONYSH
408 137 754 192 HALICARNASSENSIS

92 248 159 324 δπίρ
172 233 221 316 δν,
249 242 284 303 άν
302 244 403 321 ἐγχωρῇ
409 289 416 310 ,
444 248 513 303 κατά
527 248 575 301 τόν
589 243 691 303 οἰκεῖον
706 246 859 321 διαλέξομαι

92 335 184 390 τόπον.
200 335 238 396 τίς
252 331 281 387 δι’
293 335 365 388 ἐστιν
379 326 427 401 ήδι
442 328 535 405 άριτή,
550 324 608 397 ήιις
621 331 706 388 πᾶσιν
719 335 859 388 ίιιανθοῑι·

91 439 127 474 σα
143 420 199 480 τοῖς
211 413 326 488 ὀνόμασι
331 443 342 482 ,·
368 414 414 470 καί
427 411 496 484 τίςή
511 416 588 488 χάρις
592 442 603 481 ,·
628 418 742 490 πρᾶγμα
757 417 859 480 παντός

94 505 215 577 ιιριῖιτσν
238 501 321 573 λόγου
344 498 392 554 καὶ
416 498 657 570 θαυμασιώτατον.
685 501 787 574 ῥᾷστον
811 501 861 573 μὲν
911 513 913 517 “

93 587 148 660 γάρ
160 589 233 642 ἐστιν
248 581 384 655 όφθήναι,
398 580 444 638 παῖ
458 581 540 638 παντί
555 581 652 652 δμοίως
666 581 758 658 ίδιώτη
774 604 800 638 τι
814 584 862 640 ιιαί

92 670 194 742 τεχνίτῃ
209 669 343 740 φανερόν·
365 667 555 736 χαλεπώτατον
569 666 597 722 δι’
611 669 680 742 λόγῳ
694 667 860 736 δηλωθῆναι,

92 750 137 809 καί
153 749 217 809 οὐδὲ
230 755 287 815 τοῖς
298 752 427 826 κράτιστα
442 748 526 807 εἰπεῖν
540 752 699 825 δυναμένοις
713 749 840 826 εὔπορον.

159 840 205 894 11.
224 831 306 892 Ὥστε
319 838 345 892 ιί
356 857 395 902 τις
412 832 498 904 άξισίη
519 836 591 908 λόγῳ
609 834 776 906 διδαχθῆναι
789 835 860 892 ταδ-

92 942 141 991 την
155 923 204 989 τήν
218 919 347 993 δύναμιν,
368 916 425 988 ήιις
438 922 503 977 ποτέ
517 924 603 990 ἐστιν,
623 917 678 976 οὐκ·
693 917 728 976 άν
748 922 861 992 φθάνοι

91 1007 139 1062 καὶ
152 1001 239 1062 άλλων
255 1008 359 1061 πολλῶν
372 1002 418 1060 καί
440 1005 528 1060 καλῶν
542 1006 707 1080 πραγμάτων
727 1003 862 1062 δυσεκλα-

90 1092 176 1158 λήτων
205 1087 328 1145 άπαιτῶν
355 1091 451 1163 λόγον·
476 1087 600 1162 λέγωδὲ,
627 1087 671 1144 ἐπὶ
686 1090 799 1156 κάλλους
812 1091 861 1160 μέν

93 1176 232 1244 σωμάτων,
253 1174 279 1227 τί
290 1172 322 1241 δή
338 1193 402 1230 ποιι
413 1175 487 1227 τοῦτ’
501 1172 582 1245 ἐστίν,
597 1167 613 1226 ὃ
627 1176 763 1244 καλοῦμεν
778 1169 860 1250 ὥραν·

92 1257 137 1314 ἐπὶ
150 1259 274 1327 κινήσεως
288 1257 316 1311 δὲ
328 1258 461 1330 μελισμοδ
481 1255 529 1311 νιαῖ
542 1257 644 1326 πλοκής
670 1259 820 1331 φθόγγων,
835 1259 861 1314 τί

92 1343 196 1414 λέγεται
208 1343 239 1397 τό
253 1337 439 1414 εὐάρμοστον·
459 1339 504 1396 ἐπὶ
518 1341 681 1415 συμμετρίας
695 1342 724 1398 δι’
746 1342 860 1417 χρόνων,

94 1427 132 1490 τίς
146 1421 161 1493 ή
176 1427 257 1491 τάξις,
269 1426 314 1481 ιιαί
328 1427 354 1480 τί
368 1428 398 1481 τό
416 1420 574 1497 εὔρυθμον·
599 1425 645 1482 ιιαῖ
658 1426 702 1483 ἐπὶ
717 1428 819 1491 παντός
833 1427 861 1481 δι’

93 1510 247 1581 συλλήβδην
261 1508 341 1589 ἔργου
355 1531 381 1564 τε
396 1509 441 1565 καὶ
454 1512 624 1584 πράγματος,
640 1512 679 1575 τίς
692 1511 707 1566 ό
719 1514 861 1584 λεγόμενος

93 1595 199 1667 καιρός,
220 1592 266 1648 καί
279 1595 333 1648 πυδ
352 1595 383 1650 τό
401 1595 518 1668 μέτριον.
538 1590 667 1664 αἰσθήσει
683 1596 736 1669 γάρ
755 1596 860 1653 τούτων

93 1678 207 1733 ἕκαστον
219 1679 475 1750 καταλαμβάνεται,
490 1676 537 1734 καί
555 1675 588 1734 οὔ
601 1681 679 1753 λόγῳ.
706 1674 776 1735 ὥσθ’
792 1675 859 1756 ὅπερ

93 1761 220 1835 μουσικοὶ
246 1765 464 1836 παραγγέλλουσι
489 1767 577 1818 ποιεῖν
601 1767 657 1827 τοῖς
682 1765 860 1836 βουλομένοις

92 1844 203 1902 ιλνοιλιιν
217 1842 333 1920 άκριβοῖς
347 1845 487 1919 ἁρμονίας,
495 1843 562 1904 ὥστε
575 1846 642 1920 μηδὲ
653 1849 702 1915 τήν
716 1849 859 1919 ἐλαχίστην

92 1935 120 1986 ἐν
134 1935 190 1994 τοῖς
204 1930 348 2000 διηγήμασι
361 1932 444 1987 δίεσιν
459 1930 568 2003 άγνοεῖν
585 1933 633 2000 τήν
645 1929 733 2001 άιιοήν
746 1933 856 2005 ἐθίζειν,

93 2016 137 2070 καί
150 2015 234 2087 μηδὲν
247 2010 312 2071 άλλο
331 2015 432 2083 ταύτης
448 2011 639 2089 σίνριβὲστερον
659 2018 743 2085 ζητεῖν
762 2019 859 2093 κριτή-

91 2118 169 2172 ριον·
189 2102 272 2156 τοῦτο
286 2093 361 2173 ιιηῗγώ
374 2103 430 2165 τοῖς
447 2095 664 2171 άναγινῶσνουσι
676 2102 724 2155 τόν
736 2102 858 2177 Λυσίαν,

92 2184 138 2240 καὶ
153 2186 191 2250 τίς
204 2182 220 2253 ή
234 2178 297 2258 παρ’
313 2181 386 2258 αὗτῷ
396 2185 475 2258 γιίρις
487 2181 543 2256 ἐστί
557 2186 732 2257 βουλομένοις
744 2190 858 2258 μαθεῖν,

93 2267 248 2341 ὑποθείμην
259 2266 294 2325 σ’ίν
308 2267 475 2338 ἐπιτηδείων
492 2269 579 2343 χρόνῳ
591 2269 680 2341 πολλῷ
700 2269 747 2324 καί
763 2271 858 2344 μακρᾷ

91 2353 188 2421 τριβή,
214 2351 259 2408 καί
288 2351 376 2427 ιίλόγιρ
403 2353 491 2410 πάθει
515 2353 564 2421 τήν
589 2346 688 2425 άλσγον
713 2358 858 2411 συνασκεῖν

91 2437 232 2503 αἴσθησιν.
260 2437 362 2505 ταδτην
388 2441 480 2510 μέντοι
499 2435 644 2510 ιιρατίστην
658 2456 685 2490 τι
699 2435 797 2510 οῖρετήν
811 2437 858 2494 ιιαλ

89 2523 403 2590 γαραιιτηριστικωτάτην
424 2525 469 2590 τῆς
481 2523 590 2576 Λυσίου
603 2521 691 2584 λέξεως
704 2518 785 2595 ἔγωγε
800 2523 859 2576 ml·

90 2607 190 2675 θομαι,
205 2603 255 2657 εἴτε
269 2603 374 2674 φδσιως
388 2602 472 2674 αὐτήν
486 2604 527 2659 δεῖ
536 2606 628 2660 καλεῖν
642 2598 777 2674 εὐτυχίαν,
805 2609 868 2662 εἴη·
