1950 2954
159 186 210 255 ιιι
229 204 284 255 σα.
303 202 408 253 Pom.
428 203 476 253 σε
495 202 663 257 εεεεοιιιι
680 221 744 259 m.
822 214 856 269 τε

88 308 133 365 ἐπὶ
149 310 245 382 λόγους
264 304 349 382 ἤγαγε
368 310 551 413 φιλοσόφους,
571 308 690 381 ζηλένσας
707 311 770 374 τοῖς
794 311 856 388 περὶ

91 394 230 469 Γοργίαν·
251 389 315 448 ὥστε
333 413 379 447 και
369 390 580 467 διθυράμβοις
599 395 659 449 τινό
672 397 760 451 ποιεῖν
771 398 855 452 ἐοικό-

89 497 138 547 τα,
165 476 213 532 καί
228 472 296 549 μηδ’
317 474 543 552 ἀποκρύπτεσθαι
555 480 637 533 τοῦτο
653 477 719 534 τό
702 480 855 555 αμοίρτημα,

89 555 147 616 αλλ’
162 561 318 632 ὁμολογεῖν.
332 580 379 615 και
392 560 457 632 συγ
461 555 574 628 ἀὐτός
596 548 749 633 ωβελτιστε
762 566 855 632 Γναιε

89 643 190 717 ὁμοίαν
205 644 266 714 ἐμοὶ
283 645 394 719 γνώμην
419 643 480 716 περί
506 641 658 721 τοῖνόρός“’
644 667 707 716 εχων
722 647 806 722 φαίνη
820 643 856 703 όι

90 724 174 795 αὐτῆς
200 730 230 803 γέ
244 749 287 784 τοι
300 731 346 798 τῆς
359 730 508 796 ἐπιστολῆς,
523 732 552 784 ἐν
567 722 608 795 οῖς
620 750 689 785 κατα
682 726 818 795 'Mine‘
782 752 855 789 ουτω

90 813 217 887 γράφεις·
235 808 306 883 ,Ἐν
319 813 367 883 μέν
379 813 432 885 γοίρ
446 815 502 874 τοῖς
515 815 615 884 ἑτέροις
627 815 743 886 σχήμασι
757 812 854 891 ρρίόισν

90 898 204 965 ,,πεσεῖν
216 899 300 969 μέσον
319 916 344 949 τι
370 897 484 951 ἐπαίνου
511 895 556 951 καί
577 897 714 970 μέμψεως·
738 903 766 955 ἐν
780 899 807 953 δέ
821 899 855 974 τῇ

89 980 263 1054 ,κατασκευῇ
277 981 308 1034 τό
321 980 358 1051 μὴ
372 979 530 1047 ἐπιτευχθὲν
556 981 644 1054 πιίυτῃ
672 978 854 1054 ἀποτυγχάνε-

88 1085 163 1132 ,,ται.
178 1063 221 1120 όιό
234 1085 282 1138 μοι
297 1064 371 1119 όσκεῖ
382 1062 496 1128 τοότσυς
510 1064 570 1129 τοὺς
584 1059 683 1141 όίνόρας
698 1060 748 1120 οὒκ
761 1071 789 1121 ἐκ
801 1066 853 1134 τῶν

89 1148 366 1216 ,,ἐπιιιινι)ανοτσίτων,
403 1143 465 1202 σείόέ
491 1149 656 1215 ἐλασσόνων,
691 1145 746 1204 ἄλλ’
762 1151 854 1206 έκτῶν

89 1232 236 1305 ,μλείστων
255 1232 300 1288 καὶ
326 1229 527 1302 εὐτυχηθέντων
545 1232 700 1300 ἐξετάζειν.“
721 1232 779 1290 Καὶ
797 1229 854 1307 μετ’

89 1314 168 1390 ὅλίγα
188 1318 269 1371 ποίλιν
294 1320 422 1390 ἐπιλέγεις
447 1317 545 1371 ταυτί·
568 1311 659 1390 ,Ἐγὼ
685 1317 728 1383 όέ,
756 1319 852 1393 καίπερ

88 1400 173 1476 ,ἔχων
199 1397 432 1473 ἀπολογήσασθαι
458 1398 525 1475 ὑπὲρ
551 1399 688 1467 ἁπάντων,
717 1398 799 1471 ἢτῶν
823 1424 854 1474 γε

88 1487 245 1553 ,,πλείστων,
262 1480 296 1541 οὗ
310 1487 398 1558 τολμῶ
418 1506 462 1542 σοι
475 1486 583 1541 ἐναντία
597 1487 688 1560 λέγειν.
703 1481 730 1540 ἓν
745 1484 773 1540 όέ
786 1484 853 1541 τοῖ’-

89 1589 139 1641 ,,το
155 1568 371 1644 όιίοχυρίζσμαι,
399 1566 442 1625 ὅτι
455 1565 504 1626 οὖν
518 1568 574 1626 ἔστι
586 1571 707 1646 μεγοίλων
721 1572 853 1641 ἐπιτυχεῖν

88 1658 137 1720 ,,έν
151 1648 242 1710 οὗόενί
257 1657 355 1728 τρόπῳ,
368 1655 406 1729 μὴ
422 1656 537 1710 τοιαῦτα
550 1656 688 1728 τολμῶντα
701 1654 748 1711 καί
760 1676 854 1731 παρα-

89 1780 108 1809 ‚,
117 1737 295 1807 βαλλόμενον,
321 1742 349 1792 ἐν
363 1731 401 1799 οἷς
417 1737 462 1793 καὶ
475 1738 648 1809 σφάλλεσθαί
671 1742 744 1794 ἐστιν
769 1737 854 1814 σῖναγ·

89 1863 108 1892 ,‚
118 1823 226 1873 καῖον.“
252 1817 338 1875 Ου’όέν
349 1818 539 1890 διαφερόμεθα
551 1822 617 1894 πρός
628 1818 764 1889 όλλὴλσυς.
780 1823 813 1879 σέι
827 1845 855 1879 τε

91 1906 145 1977 γιὶρ
159 1902 307 1976 ὁμολογεῖς,
328 1898 480 1974 σῖναγκαῖον
493 1896 571 1969 εἶναι,
586 1904 634 1958 τόν
646 1905 855 1977 ἐπιβαλλόμενον

90 1989 218 2060 μεγαλοις
243 1986 289 2041 καί
315 1985 489 2056 σφάλλεσθαί
503 2003 590 2039 ποτε·
619 1985 670 2056 ἐγώ
687 1987 715 2041 τέ
728 2008 798 2058 φημι
811 1992 857 2057 τῆς

92 2071 195 2143 ὑψηλῆς
209 2069 253 2126 καί
271 2068 493 2143 μεγαλοπρεποῦς
511 2064 557 2123 καί
582 2068 855 2143 παρακεκινδυνευμέ·

93 2178 138 2224 νης
152 2156 274 2229 φροίσεως
285 2155 425 2226 ἐφιέμενον
438 2154 583 2218 Πλάτωνα,
595 2153 632 2225 μή
648 2152 710 2229 περί
723 2154 811 2209 πσίντα
825 2156 859 2210 τοί

92 2243 156 2314 μέρη
171 2240 337 2314 κατορθοῦν,
351 2237 500 2307 πολλοστὴν
513 2238 604 2310 μέντοι
616 2239 716 2310 μοῖραν
730 2235 795 2307 ἔχειν
809 2240 862 2292 τῶν

92 2324 321 2426 κατορθουμένων
333 2324 365 2377 τιί
386 2321 620 2398 διαμαρτανόμενα
631 2315 677 2377 ὑπ’
697 2315 791 2377 αὐτοῦ.
813 2322 860 2379 καί

106 2402 204 2463 καθ’ι
196 2405 223 2462 ἓν
233 2427 314 2463 τουτο
328 2407 463 2462 Πλοίτωνιί
476 2428 546 2479 φημι
559 2407 703 2462 λείπεσθαι
714 2407 860 2478 Δημοσθέ·

94 2511 164 2557 νσυς,
179 2487 221 2546 ὅτι
235 2486 324 2592 πριρ’
311 2513 331 2546 ω
336 2511 384 2563 μεν
391 2490 512 2546 ἐκπίπτει
524 2511 588 2548 ποτε
581 2485 657 2547 τό
639 2509 710 2591 υψσς
716 2511 761 2560 της
772 2494 859 2560 λέξεως

93 2572 264 2650 τωνλόγων
242 2595 277 2642 εις
288 2578 318 2632 τό
326 2573 571 2646 κσινόνκαιαηθες
587 2597 674 2650 παρ
640 2562 711 2630 ’ωό
719 2571 860 2639 οὐδέποτε

94 2654 384 2735 ἧσπανὶωςχεκομιόῆ
397 2656 877 2738 καίπεριμένΠλιλτωνοςιοσαῖιτα.

119 2740 235 2787 mom.
264 2739 293 2790 Τ,
313 2741 359 2794 VI.
622 2790 626 2797 ¹
685 2743 711 2795 Q
