1950 2954
179 145 228 196 DE
247 144 520 197 COMPOSITIONE
538 145 743 200 VERBORVM.
831 157 866 213 ω

97 252 144 320 τήν
157 255 186 307 εἰι
201 252 252 307 τῶν
265 254 420 326 κρειττόνων
433 254 477 308 ἐπὶ
491 254 524 308 τά
533 251 629 327 χείρω·
650 254 724 309 πάνυ
734 257 789 329 γάρ
801 253 865 328 εὕη-

96 339 158 400 θες·
186 331 250 393 σάόέ
266 357 297 409 με
316 338 364 405 τὴν
382 340 409 392 ἐκ
427 338 478 392 τῶν
492 338 622 412 χειρόνων
635 337 679 394 ἐπί
697 340 865 414 τάνρτλττοι·

97 418 164 475 άλλά
183 423 231 488 την
248 424 277 476 ἐν
300 424 356 484 τοῖς
371 420 506 478 όαοιιόέσι
533 423 677 479 ποικιλίαν.
711 425 793 495 κόρον
811 427 866 502 γάρ

97 503 148 572 ἔχει
167 505 261 561 καλτά
279 507 347 561 καλά
373 505 472 571 πάντα,
496 500 585 581 ὥσπερ
611 503 793 579 καλτάηιλέα,
818 512 865 582 μί·

96 611 178 645 νοντα
190 593 218 645 ἐν
231 591 265 666 τῇ
275 592 432 659 ταυτότητι·
457 592 646 662 ποικιλλόμενα
663 589 731 647 δ’όν
743 596 800 656 ταῖς
812 615 863 666 με-

95 675 226 745 ταβολαῖς
248 673 282 738 ὦς
309 672 351 730 άελ
364 675 446 729 καινά
457 678 538 746 μένει.
566 679 594 730 ἐν
623 679 681 739 τοῖς
705 677 754 749 μὲν
767 665 818 732 οίιν
831 681 864 732 τά

96 760 180 831 μέτρα
206 758 253 815 καὶ
279 761 311 813 τά
337 761 401 829 μέλη
427 761 583 835 γράφουσιν
597 754 646 827 σάχ
660 756 769 817 άπαντα
783 761 864 823 ἔξεστι

95 842 288 916 μεταβάλλειν,
315 840 399 913 ἢοάχ
417 840 533 914 άπασιν,
565 839 630 899 οὐδ’
648 839 691 916 ἐφ’
710 840 775 900 ὅσον
793 846 864 916 βσά-
893 885 897 891 -

96 931 200 982 λονται.
229 924 330 984 αὐτίκα
367 931 423 990 ταῖς
448 928 496 1000 μὲν
520 931 662 993 ἐποποιοῖς
692 931 789 1002 μέτρον
816 926 865 984 οὐκ

96 1010 180 1076 ἔξεστι
204 1013 394 1086 μεταβάλλειν,
420 1008 476 1068 ἄλλ’
506 1008 627 1087 άνάμκη,
662 1013 766 1079 πάντας
796 1006 866 1068 εἶναι

98 1097 160 1161 τσίς
180 1098 287 1166 στίχους
312 1098 482 1171 ἑξαμέτρους·
507 1092 573 1152 ουίλὲ
590 1118 619 1171 με
639 1097 767 1171 ῥυθμόν,
795 1093 865 1153 άλλά

97 1184 151 1246 τοῖς
170 1178 225 1236 άπό
242 1182 347 1256 μακράς
367 1180 525 1256 ἀρχομένοις
550 1183 686 1254 συλλαβῆς
707 1182 863 1257 χρήσονται,

96 1263 142 1320 καλ
156 1261 219 1322 σάιλέ
232 1266 339 1332 τούτοις
352 1263 454 1323 άπασι·
478 1268 534 1330 ταῖς
555 1265 582 1320 όὲ
602 1268 633 1323 τά
646 1267 710 1339 μέλη
723 1267 864 1341 γράφουσι

95 1351 127 1405 τό
140 1351 189 1420 μὲν
215 1353 268 1407 τῶν
287 1354 412 1425 στροφῶν
432 1371 458 1405 τε
476 1349 523 1405 καί
541 1347 726 1426 ἀντιστρόφων
741 1347 792 1419 οὐχ
805 1343 864 1409 οἷόν

95 1430 117 1489 τ’
132 1431 344 1508 άλλάξαιμὲλσς,
372 1430 427 1491 ἄλλ’
454 1437 501 1491 ἐάν
516 1429 537 1490 τ’
562 1437 751 1508 ἐναρμονίους,
779 1437 825 1490 ἐάν
836 1456 863 1492 τε

95 1523 280 1593 χρωματικάς,
306 1522 400 1576 ἐάντε
429 1519 571 1582 διατόνους
599 1519 758 1575 ὕπόθωνιαι
775 1523 863 1594 μελῳ-

97 1603 173 1676 όίας,
185 1608 212 1659 ἐν
223 1607 323 1669 πάσαις
338 1603 377 1658 δεῖ
401 1607 458 1667 ταῖς
471 1607 604 1676 στροφαῖς
617 1625 644 1657 τε
658 1601 704 1658 καὶ
717 1602 863 1679 άντιστρό-

97 1708 160 1758 φοις
176 1690 224 1753 τάς
246 1684 331 1752 αὐτάς
357 1685 464 1762 άγωγάς
486 1692 645 1759 φυλάττειν·
673 1684 736 1744 οάόέ
752 1711 783 1762 γε
801 1689 864 1754 τούς

98 1774 267 1845 περιέχοντας
286 1769 349 1834 ὅλας
367 1774 413 1838 τάς
440 1775 559 1846 στροφάς
578 1773 704 1846 ῥυθμοὺς
723 1774 767 1829 καλ
791 1771 862 1829 άντι-

98 1859 232 1930 στροφάς,
256 1855 323 1913 άλλά
340 1857 379 1911 άεῒ
394 1857 438 1912 καλ
452 1858 564 1921 τούτους
578 1857 639 1919 τούς
654 1853 752 1920 αὐτοὺς
768 1857 862 1929 ιλιαμὲ-

98 1961 159 1996 νειν.
186 1942 248 2015 περὶ
275 1944 302 1998 δὲ
330 1944 377 2006 τάς
404 1945 568 2014 καλουμένας
586 1942 689 2014 ἐπῳδάς
721 1941 862 2015 άμφότερα

97 2029 178 2081 κινεῖν
187 2022 261 2082 ταῦτ’
278 2026 368 2093 ἔξεστι,
394 2029 426 2082 τό
440 2047 466 2081 τε
479 2029 556 2098 με’λσς
570 2024 615 2081 καλ
629 2027 675 2080 τόν
690 2029 812 2099 ῥυθμόν·
833 2027 864 2081 τά

96 2131 123 2165 τε
138 2113 219 2178 κῶλα,
247 2115 274 2176 ἐξ
300 2097 335 2166 ὧν
362 2113 459 2180 ἑκάστη
485 2113 629 2180 συνέστηκε
655 2109 792 2181 περίοδος,
821 2109 864 2164 ἐπὶ

95 2197 195 2265 πολλῆς
209 2199 330 2261 ἔξουσίας
345 2195 450 2252 όὲόσται
477 2192 569 2256 αὗτοῖς
599 2193 723 2256 ποικίλως
743 2192 862 2266 διαιρεῖν,

95 2274 192 2336 άλλστε
225 2276 292 2337 ἅλλα
325 2283 429 2354 μεγέθη
463 2280 508 2335 καλ
540 2281 664 2350 σχήματα
692 2274 785 2342 αάταῖς
813 2299 863 2334 πε-

96 2368 261 2437 ριτιθέντας,
284 2363 329 2430 ἕως
342 2361 376 2420 άν
390 2363 559 2437 ἀπαρτίσωσι
572 2366 620 2430 τὴν
639 2363 776 2436 στροφήν·
790 2363 863 2418 ἔπει-

95 2468 127 2503 τα
141 2451 224 2506 πάλιν
239 2450 279 2505 όεῖ
291 2453 325 2505 ια’
339 2447 409 2506 αὗτά
422 2451 506 2522 μέτρα
521 2447 566 2503 καλ
579 2450 650 2501 κῶλα
664 2452 759 2503 ποιεῖν.

166 2521 324 2606 Οἶμὲνοίιν
350 2532 458 2607 άρχαῖσι
485 2530 638 2604 μελοποιοὶ,
669 2533 736 2613 λέγω
761 2525 788 2590 δ’
812 2528 876 2589 Ἄλ-

94 2623 174 2679 καῖόν
188 2641 217 2674 τε
234 2619 281 2674 καί
294 2620 412 2689 Σαπφώ,
435 2623 539 2700 μικράς
565 2626 721 2686 ἐποιοῦντο
738 2620 889 2707 στροφάς·

115 2705 229 2750 Πιοωτε.
245 2701 271 2746 Τ.
290 2698 316 2747 V.
674 2719 704 2770 E
