1950 2954
9 240 84 477 ρ..

153 219 201 267 DE
219 216 374 268 THVCYD.
392 218 533 269 HISTOR.
551 218 725 272 IVDICIVM.
803 226 837 282 65

67 318 143 395 αὐτῷ
161 342 212 377 κατ
210 317 302 380 οὔτί
314 344 345 398 γε
360 324 442 380 τολιτο
471 325 598 401 έιτιτιμᾷ
622 322 836 426 ένθυμοδμενος,

66 407 111 463 δτι
128 409 175 476 τῆς
198 408 357 481 φιλοσόφου
384 412 504 509 θεωρίας
529 412 630 479 οκοαδς
656 406 769 466 ἐστιν
756 412 836 479 ητῆς

65 489 199 562 άληθιίας
210 494 321 565 γνῶσις
343 486 392 563 εἴφ’
414 480 446 563 ἧς
458 516 505 550 και
494 494 548 550 τδ
563 516 612 552 του
596 497 691 571 ”βίου
704 496 778 557 τέλος
789 495 836 568 γί-

66 596 141 631 νεται
154 574 319 654 φανεράν.’1
303 597 374 633 οιτου
388 576 421 646 δέ
433 578 496 643 τοέις
509 600 569 655 περι
559 579 726 655 δογμάτων
741 579 836 650 διαφε·

67 663 197 734 ρομένους
217 657 305 727 οάδελς
327 663 460 734 μέμφεται
484 666 532 731 τῆς
557 666 746 765 προαιρέσεως,
761 660 784 719 τί
797 663 834 735 μή

65 747 156 800 πάντα
169 747 203 801 τά
218 747 270 801 τῶν
283 747 470 821 πρεσβυτέρων
484 736 691 805 ἐπαινοῦσιν·
675 772 691 818 η
705 768 761 803 που
772 748 836 811 τοὺς

65 848 97 901 γε
122 831 320 905 προελομένους
334 832 526 935 χαρακτήρων
551 829 674 902 ίδιδτητα
707 832 832 900 δηλῶσαι,

65 909 196 986 μέμψαιτ’
211 910 245 968 ἄν
260 935 304 980 τις,
321 911 343 968 εί
353 915 391 986 μη
405 916 494 979 πάσας
507 919 677 991 μαρτυρουσι
699 919 757 975 τοῖς
780 916 834 988 ιιρδ

65 993 155 1053 αδτῶν
170 999 216 1054 καί
229 1000 277 1061 τάς
289 1000 327 1071 μὴ
341 997 499 1072 προσούσας
512 998 625 1074 άρετοίςχ

130 1134 158 1190 4.
174 1128 224 1188 Ἓν
238 1130 276 1188 ἔτι
290 1134 409 1190 λείπεταί
420 1155 467 1206 μοι
479 1138 560 1209 μέρος
576 1133 726 1210 ἀπολογίας
740 1134 836 1208 δεόμε-

66 1237 123 1283 νον,
143 1219 300 1288 έαίφθονον
315 1221 363 1288 μέν
383 1239 410 1273 τι
425 1223 615 1294 κατηγόρημα,
634 1219 680 1277 καλ
694 1223 752 1285 τοῖς
765 1221 833 1275 πολ-

64 1304 124 1364 λοῖς
137 1306 336 1375 κεχαρισμένον,
352 1300 450 1376 ῥηιδίως
464 1299 491 1359 δ’
506 1307 695 1380 ἐξελεγχθῆναι
714 1303 834 1373 δυνησό-

15 1438 21 1443 .
64 1405 154 1451 ιιινον,
170 1383 204 1448 ὥς
217 1381 266 1451 οὔκ
279 1385 350 1442 ἔστιν
366 1385 444 1459 ὑγιές.
471 1385 584 1465 οδγιίρ,
612 1393 635 1446 εί
661 1391 694 1464 τῇ
722 1389 833 1458 δυνάμει

65 1471 217 1542 ἰασόμεθα
238 1469 413 1527 Θουκυδίδου
432 1471 520 1528 τεκαὶ
538 1477 589 1530 τῶν
616 1470 704 1534 ἄλλων
719 1470 832 1549 ἀνδρῶν,

63 1553 154 1610 καὶτὸ
170 1559 340 1629 θεωρητικὸν
354 1551 443 1612 αδεῶν
456 1555 676 1633 ολιτολωλέκαμεν·
703 1553 768 1615 οὐδὲ
780 1558 835 1633 γάρ

62 1642 110 1702 τάς
121 1634 258 1708 Ἀαέλλου,
286 1639 334 1697 κοιλ
347 1639 476 1710 Ζεέιξιδος,
504 1644 550 1700 καλ
565 1646 773 1718 Πρωτογένους,
788 1641 834 1698 καὶ

62 1726 115 1778 τῶν
130 1719 214 1778 ἄλλων
228 1728 355 1799 γραφέων
368 1728 420 1781 τῶν
440 1726 665 1833 διωνομασμένων
688 1731 788 1797 τέχνας,
805 1725 833 1783 οί

62 1811 98 1874 ειη
113 1807 161 1871 τιίς
175 1802 258 1869 αὐτάς
272 1807 374 1876 ἔχοντες
387 1809 529 1873 ίιιείνοις’
512 1814 623 1918 αρετάς,
634 1813 735 1887 κρίνειν
747 1832 833 1867 κεκω-

61 1898 172 1947 λυνται·
196 1885 260 1944 ου’δέ
287 1892 320 1944 τά
350 1892 470 1956 Φειδίου,
498 1915 545 1950 και
534 1895 758 1958 Πολυκλείτου,
787 1895 834 1950 καλ

61 1974 200 2048 Μύρωνος
215 1972 280 2047 ἔργα
294 1972 321 2028 οἳ
332 1996 372 2048 μη
363 1975 538 2043 τηλικοῦτοι
551 1976 746 2052 δημιουργοί.’
733 1980 767 2032 εῶ
779 1981 833 2050 γάρ

60 2055 186 2132 λέγειν,
170 2080 213 2115 οτι
227 2058 367 2114 πολλῶν’
353 2079 501 2133 εργωνουχ
527 2056 612 2126 ἥττων
637 2063 684 2117 τοῦ
711 2061 833 2129 τεχνίτου

60 2145 156 2219 κριτάς
169 2144 185 2199 δ
199 2141 312 2211 ἰδιώτης,
341 2144 392 2198 τῶν
403 2163 431 2198 τε
445 2139 479 2199 δι’
495 2140 649 2213 αλσθήσεως
661 2141 763 2215 άλδγου
776 2146 834 2207 τοῖς

58 2230 168 2285 πάθεσι
191 2228 487 2301 καταλαμβανομένων·
511 2228 557 2285 καί
583 2225 627 2286 δτι
653 2229 729 2284 πάσα
756 2229 832 2296 τέχνη

58 2313 167 2371 τούτων
181 2313 336 2381 στοχάζεται
351 2314 402 2367 τῶν
415 2315 571 2389 κριτηρίων,
598 2312 645 2370 καὶ
659 2311 714 2369 άπδ
728 2312 833 2367 τούτων

56 2398 197 2469 λαμβάνει
210 2397 260 2465 τήν
286 2393 378 2467 ολρχήν.
402 2392 461 2462 ἅλις
474 2397 541 2455 ἔστω
554 2419 602 2469 μοι
614 2400 773 2472 προοιμίων,
787 2395 832 2451 ’ίνα

57 2486 98 2552 μη
113 2482 194 2537 λάθω
208 2481 268 2547 περὶ
282 2483 368 2538 ταῦτα
381 2484 550 2557 κατατρίψας
567 2485 615 2539 τδν
634 2486 725 2555 λόγον.

129 2605 156 2655 5.
181 2602 295 2657 Μέλλων
321 2599 349 2655 δέ
360 2596 497 2675 ἄρχεσθαι
524 2602 643 2678 τῆςπιρλ
658 2598 831 2656 θουιιυδίδου

56 2685 184 2756 θέαφῆί.
212 2681 292 2756 ὄλῖγα
313 2683 452 2759 βοίλομαι
466 2685 528 2765 περὶ
542 2689 597 2746 τίεν
612 2684 708 2746 δλλων
722 2702 856 2756 συγγρα-

88 2767 205 2812 Πιοιινε.
234 2767 265 2814 Τ.
288 2765 332 2816 Π,
658 2773 689 2822 ρ,
