1950 2954
71 182 72 186 ‘
135 210 184 262 An
204 210 262 262 σω.
278 211 384 262 εοπν.
400 210 449 260 υτ
463 210 630 263 Pmoun
646 226 709 263 m.
795 219 832 273 ος

12 328 18 337 “
65 323 94 374 ἐν
107 317 140 392 τῇ
154 317 290 389 συγκρίσει
304 319 355 373 τῶν
372 315 562 393 χαρακτήρων,
590 313 686 380 ίκανῶς
703 313 831 375 ἀπολελό·

64 422 173 474 γισμαι,
188 400 234 455 καὶ
251 401 346 473 σοίγε,
360 396 426 471 ήμίν
439 399 557 468 φίλτατε.

132 491 159 542 2.
181 488 290 540 Λοιπὸν
304 482 331 539 δ’
348 484 404 541 ἐστί
414 504 462 557 μοι
475 482 522 539 καὶ
534 481 596 560 περὶ
615 478 722 558 οὔτῶν,
747 472 782 541 ὧν
796 488 830 541 εί-

65 590 144 645 ρηκα,
159 571 245 642 λόγων
258 567 318 644 περὶ
332 565 454 642 τάνδρός,
467 571 496 623 έν
509 569 542 641 τῇ
558 569 620 643 περί
635 569 686 623 τῶν
711 562 828 625 Ἀττικῶν

65 653 241 727 πραγματείᾳ
254 655 383 726 ῥητόρων,
398 650 489 707 εἰπεῖν.
507 653 587 721 θήσω
605 646 634 708 δ’
652 648 748 716 αὖταῖς
758 655 801 718 λέξ
815 691 829 697 -

65 735 237 809 officiunt?
261 738 400 811 γέγραφα·
421 731 458 790 ‘H
479 735 507 790 δέ
535 734 567 803 δή
595 737 826 805 Πλατωνικήδιοί·

66 824 155 884 λικτσς
166 821 293 891 βούλεται
305 823 354 892 μέν
367 815 435 875 εἶναι
449 817 496 873 καί
505 815 573 886 αδτή
590 814 685 893 δεῖγμα
699 824 828 894 ἑκατέροιν

65 908 118 959 τῶν
128 905 315 979 χαρακτήρων,
330 907 379 960 τοῦ
391 925 419 958 τε
434 902 541 976 ὑψηλοί)
558 903 604 958 καὶ
618 900 720 972 ἰσχνοῦ,
734 907 828 959 καθοί-

65 1009 116 1061 περ
130 989 233 1061 εἴρηταί
250 1009 298 1061 μοι
316 991 459 1064 πρότερον·
477 989 579 1057 πέφυκε
605 981 631 1039 δ’
659 983 708 1055 οὐχ
733 987 830 1060 όμσίοις

65 1073 132 1146 πρός
152 1069 321 1148 ἀμφοτέρους
346 1073 409 1137 τούς
431 1073 602 1146 χαρακτῆρας
623 1065 741 1140 εὐτυχής.
762 1067 828 1126 ὅταν

65 1157 113 1228 μέν
128 1147 177 1210 οὖν
190 1159 239 1224 τήν
253 1154 344 1226 ἳσχνήν
358 1154 403 1212 καί
422 1155 507 1228 ἀφελῆ
533 1152 580 1209 καὶ
594 1151 727 1224 ἀποίητον
740 1158 830 1223 ἐπιτη·

65 1240 131 1313 δεύῃ
144 1242 253 1311 φροίσιν,
268 1243 385 1305 ἐκτόπως
397 1237 475 1310 ήδεῖοί
489 1244 545 1296 ἐστι
564 1239 609 1295 καί
621 1241 826 1313 φιλάνθρωπος.

65 1324 181 1396 καθαροί
195 1344 221 1377 τε
246 1327 299 1398 γάρ
314 1324 490 1400 ἀποχρώντως
514 1323 618 1396 γίνεται
644 1322 690 1379 καί
703 1323 826 1397 διαυγής,

65 1403 154 1480 ὥσπερ
168 1409 202 1462 τά
216 1407 416 1480 διαφανέστατα
435 1411 486 1463 τῶν
506 1409 646 1479 ναμαίτων·
673 1407 788 1482 ἀκριβής
800 1429 827 1462 τε

65 1489 113 1547 καὶ
126 1492 205 1560 λεπτή
219 1488 282 1567 παρ’
301 1490 427 1563 ήντινσίλν
452 1495 544 1570 έτέραν
558 1495 609 1548 τῶν
623 1490 659 1556 τίς
669 1495 717 1561 τήν
743 1490 828 1560 αὐτήν

67 1575 206 1630 διάλεκτον
231 1575 428 1654 εἰργασμένων·
455 1579 502 1646 τήν
528 1598 556 1633 τε
582 1578 726 1646 κοινότητα
741 1577 828 1632 διώκει

66 1662 117 1714 τῶν
138 1657 286 1733 ἀνομάτων,
307 1663 353 1717 καὶ
380 1663 426 1730 τήν
453 1664 602 1734 σαφήνειαν
628 1661 713 1727 ἀσκτῒ,
741 1663 828 1730 πάσης

67 1741 235 1813 ὑπεριδοῦσα
247 1749 410 1811 κατασκευῆς
424 1749 567 1802 ἐπιθέτου.
597 1742 613 1800 ὅ
627 1766 654 1800 τε
668 1749 747 1810 πίνος
760 1743 829 1819 αὐτῇ

67 1825 114 1879 καὶ
124 1828 205 1891 χνοῦς
219 1827 234 1880 ὁ
247 1829 293 1892 τής
307 1826 480 1900 ἀρχαιότητος
493 1826 579 1901 ήρέμα
605 1827 652 1883 καί
678 1832 829 1898 λεληθότως

66 1910 204 1980 ἐπιτρέχει,
227 1911 337 1982 χλοερόν
363 1911 390 1965 τέ
409 1909 492 1963 τεκαὶ
518 1912 632 1977 τεθηλὸς
659 1910 704 1965 καί
730 1915 828 1982 μεστὸν

68 1987 138 2067 ὥρας
153 1986 240 2055 ἀνθσς
258 1989 418 2046 ἀναδίδωσι·
436 1989 482 2045 καὶ
496 1987 584 2064 ὥσπερ
598 1991 652 2048 ἀπό
667 1994 718 2047 τῶν
733 1989 829 2048 εάωδε-

69 2078 174 2131 στοίτων
200 2075 331 2148 λειμώνων
346 2064 417 2149 αὖρά
435 2095 473 2138 τις
486 2070 562 2142 ήδεῖα
576 2078 603 2138 ἐξ
614 2071 696 2143 αῧτής
710 2079 817 2147 φέρεται

69 2159 115 2214 καὶ
130 2155 192 2214 οὔτε
206 2162 236 2216 τό
248 2162 359 2233 λιγυρόν
372 2158 454 2215 έοεκεν
467 2159 606 2231 ἐμφαίνειν
620 2160 710 2230 λοίλσν,
725 2154 787 2212 οὔτε
800 2162 831 2213 τό

71 2247 178 2316 κομψόν
204 2247 358 2318 θεατρικόν.
387 2237 490 2297 ὅτανδ’
506 2239 542 2306 είς
555 2245 603 2311 τήν
627 2242 832 2316 περιττολογίαν

70 2326 117 2381 καί
138 2331 168 2381 τό
194 2331 303 2385 κάλλιον
329 2326 428 2383 εἰπεῖν·
456 2321 611 2392 δπολλάκις
636 2329 717 2383 είωθε
730 2329 830 2382 ποιεῖν·

71 2408 187 2485 ἄμετρον
201 2413 286 2488 ὁρμήν
302 2413 386 2487 λάβῃ,
409 2409 498 2483 πολλῷ
512 2413 607 2483 χείρων
626 2414 723 2479 ἑαυτής
739 2412 831 2484 γίγνε-

72 2516 124 2550 ται.
140 2495 187 2550 καί
199 2497 251 2570 γάρ
265 2494 411 2568 ἀηδεστέρα
432 2499 475 2565 τής
489 2496 577 2571 ἑτέρας
590 2495 636 2550 καί
651 2497 746 2550 κοίκιον
760 2497 830 2563 ἑλλη-

71 2578 180 2645 νίζουσα
205 2579 249 2634 καί
262 2582 398 2654 παχυτέρα
412 2579 546 2650 φαίνεται.
563 2581 681 2653 μελαίνει
694 2600 721 2634 τε
735 2581 787 2655 χάρ
800 2580 830 2634 τό

77 2663 155 2731 ταφές
169 2662 214 2718 καί
228 2666 300 2736 ζόφῳ
314 2667 387 2719 ποιεῖ
400 2665 599 2740 παραπλήσιον,
612 2663 681 2724 ἕλκει
693 2684 723 2720 τε
737 2663 842 2737 μακρόν
