1950 2954
116 177 166 230 212
236 168 398 222 DIONYSII
415 164 765 222 HALICARNASSENSIS

119 264 200 343 ἦθος,
215 278 347 379 ηρλαίττσι
361 273 389 332 δί
403 273 449 330 καί
462 272 510 342 την
524 272 626 346 ψυχην,
652 270 686 333 ιἰς
703 271 750 327 καί
764 273 814 342 τήν
826 296 880 332 πα.
898 278 902 284 ”

118 361 195 462 ιρίδα
207 360 294 434 τούτῳ
308 362 539 430 κατασκαφεῖσαν,
555 378 601 412 και
591 355 661 411 τδν
675 351 783 412 αίκον’
765 379 882 432 ανατρα·

117 448 207 511 πέντα,
231 466 276 499 και
268 444 418 518 μεγίστην
432 443 592 545 τιμωρίαν
574 443 622 498 καί
636 461 712 514 παρα
726 439 882 543 ἀνθρώπων

117 550 162 585 και
153 530 204 585 ἐκ
212 531 284 584 θεων
296 530 451 602 γενομένην.
466 513 592 584 πύλιναύ
605 529 663 582 ἐστι
677 528 797 599 πονηρδν
812 514 883 634 ηθρς

117 614 166 668 τού
180 612 331 689 Πανδάρου
344 613 500 682 συγχέοντος
525 610 588 715 τρδς
600 605 713 685 ὅρκους·
737 607 753 679 ἡ
769 614 883 683 τιμωρία

116 699 243 764 φαίνεται
259 697 355 762 λπαξιά
381 697 430 752 τού
445 694 648 772 ἁμαρτήματος.
677 697 815 768 Νίστσρύς
828 717 884 750 παιι

116 778 280 856 σωφροσύνη
305 781 445 853 φαίνεται·
471 774 546 837 τοῦτ’
571 777 608 845 εἲς
633 775 730 852 ἀρετὴν
754 783 882 836 συντελεῖ.

117 868 185 937 λέγει
200 885 255 922 που
268 865 283 922 δ
297 867 360 930 Ζεύς
374 865 434 942 περί
448 866 497 922 τού
506 860 644 939 Ἕκτορος,
659 858 800 936 εὐσέβειαν
810 861 885 921 αύτιῖι

117 952 278 1025 μαρτυρῶν·

163 1031 203 1089 Ού
217 1037 268 1109 γάρ
282 1036 330 1108 μοί
343 1056 407 1092 ποτε
421 1035 511 1106 Ιδωμὸς
531 1032 637 1090 ἐδεύετο
653 1030 744 1097 δαιιδς
759 1032 840 1136 ἐίσης,

159 1121 266 1192 Λαιβῆς
283 1122 431 1187 τικνίσσης
457 1138 500 1174 τε·
526 1119 556 1172 τύ
582 1119 634 1189 γιὶρ
662 1118 776 1189 λάχομεν
803 1120 884 1192 γε’ρας

625 1196 709 1272 ἡμεῖς.

116 1281 193 1341 καί”
176 1308 210 1341 αν
224 1289 376 1342 καταλιπὼν
394 1290 428 1343 τοί
442 1283 578 1358 ὀνόματα,
597 1289 625 1341 ἐ
611 1285 720 1359 ετοίσης
739 1287 791 1340 τῶν
804 1283 885 1355 ἠθῶν

120 1373 165 1433 τιλς
180 1368 336 1448 διακρίσεις,
363 1367 450 1445 ὥσπερ
473 1377 500 1426 ἐν
514 1372 628 1446 θειλιριμ,
655 1370 691 1442 τῷ
703 1371 755 1444 βίῳ
771 1371 885 1427 διοίτῶν

119 1455 232 1524 βιβλίων
245 1455 373 1530 πορεύσῃ.
399 1459 481 1510 τούτο
496 1456 541 1512 καί
558 1455 674 1510 Πλούτων
694 1449 784 1524 εἶπεν,
813 1451 885 1524 ὅτιτί

118 1540 252 1608 ποιητικὴ,
277 1540 362 1613 μωρία
376 1542 427 1594 τῶν
442 1541 562 1595 παλαιῶν
576 1539 640 1612 ἔργα
654 1540 805 1612 κοσμοῦσα,
821 1541 885 1605 τούς

117 1625 319 1694 ε’πιγινομὲναυς
347 1623 476 1679 παιδεύει.
504 1623 614 1678 παιδεία
641 1618 695 1695 δι’ρα
721 1621 885 1694 ἐστὶνῆίν-

121 1711 200 1766 τεινέις
214 1709 262 1761 τῶν
275 1704 362 1775 ἠθῶν.
378 1711 459 1762 τούτο
470 1708 515 1764 καί
525 1707 692 1775 Θονκυδίδης
706 1707 776 1763 ἔοικε
789 1711 883 1781 λέγειν,

118 1790 178 1865 περί
193 1789 312 1864 ἱστορίας
338 1793 434 1864 λέγων·
454 1787 495 1845 δτι
515 1792 561 1847 καί
596 1792 704 1864 ἱστορία
731 1795 885 1865 φιλοσοφία

117 1875 189 1933 εστίν
202 1880 229 1932 ἐκ
256 1874 494 1949 παραδειγμάτων·
519 1918 535 1941 ,,
539 1873 617 1932 Ὅσοι
645 1875 673 1930 δὲ
698 1877 886 1983 βρυλήσονιαι

118 1964 189 2034 ,μῶν
202 1981 230 2016 τε
241 1963 388 2064 γενομένων
401 1962 431 2015 τδ
446 1961 529 2030 σαφὲς
547 1963 670 2027 σκοπεῖν,
687 1959 732 2014 καί
752 1963 805 2016 τῶν
816 1968 886 2035 μελ-

118 2049 239 2112 ηλόντων
253 2047 317 2101 ποτὲ
333 2033 433 2112 αὖθις,
463 2048 532 2100 κατιί
551 2048 581 2100 εδ
600 2042 780 2118 ἀνθρώπειον,
794 2047 885 2102 τοιού·

118 2153 188 2196 ,,ιων
203 2153 248 2188 και
239 2131 455 2205 παραπλησίων
467 2128 580 2186 ε’σεσθαι
581 2125 724 2202 ,ὠφέλιμα
727 2136 747 2162 “
757 2133 886 2203 γρησθαι

118 2219 176 2279 ταῖς
190 2221 318 2282 παλαιαῖς
332 2215 473 2292 ἱστορίαις,
488 2213 533 2268 καί
547 2218 602 2279 τοῖς
618 2213 819 2288 παραδείγμασι
834 2218 886 2271 τῶν

118 2295 208 2369 ἠθῶν,
229 2299 536 2375 ὧςίσιορίᾳτούβίον.
564 2301 651 2352 ταῦτα
677 2298 727 2367 μὲν
752 2298 814 2373 περὶ
836 2303 885 2357 τού

115 2383 208 2436 κοινού
225 2379 322 2450 ηθοιις,
339 2385 433 2448 κακίας
447 2385 528 2456 φυγὴ,
548 2382 593 2439 καί
607 2380 701 2457 ιίρειῆς
715 2385 815 2452 κτῆσις.

187 2469 214 2520 3.
239 2467 309 2541 Περί
323 2467 351 2523 δὲ
366 2490 414 2525 του
398 2466 500 2524 ”idion
523 2465 651 2537 ηθοσς,σ
640 2460 818 2543 ῥητορικὸν
832 2490 882 2523 κα-

110 2547 216 2617 λούμεν
229 2571 275 2605 και
266 2551 413 2655 τρόπον
401 2555 462 2609 τινσί
476 2536 554 2616 σύτος
569 2551 584 2608 δ
597 2553 676 2626 λόγος
701 2573 762 2626 περι
753 2551 882 2627 διαιρέ-

91 2627 163 2694 ms·
186 2635 262 2691 ἐστι
283 2636 350 2715 περί
376 2623 414 2696 ού
438 2637 532 2716 μηδείς
555 2639 637 2717 γλγηα
638 2656 688 2710 φᾶ.
714 2634 778 2709 μηδ
793 2636 882 2711 dvm
