1950 2954
143 142 196 198 208
312 135 475 187 DIONYSH
491 131 745 189 HALIGARNASS.

145 237 481 321 ρακτηριστικωτάταις’
463 242 571 314 αρτταίς
595 237 640 297 ἐπί
664 241 712 309 τῆς
738 235 844 316 ύιμηλῆς
867 237 915 296 καὶ

145 329 325 404 ξενοπρεποῦς
338 323 502 398 ὀνομασίας,
520 319 554 388 ὥς
565 342 595 397 με
607 325 743 397 μάλιστα·
755 325 808 378 τῶν
822 322 895 378 δέ
864 344 915 394 την

146 414 221 481 λιτὴν
235 433 281 469 και
270 410 389 479 ίσχνιὶν
402 407 449 465 καί
463 407 607 482 ἀπέριττον
618 406 831 476 ἐπιτηδευόντων
843 409 914 483 φρά·

147 517 198 564 σιν,
214 516 249 570 τρι
237 496 375 568 Ητάντρ
344 516 389 562 της
405 496 491 558 λέξεως
510 491 597 547 ἐδόκει
610 512 657 562 μοι
673 490 851 557 διαλλάττειν,
867 492 914 549 καί

148 581 184 653 τῷ
197 580 289 653 βάρει,
315 578 362 634 καί
386 576 421 650 τῇ
447 577 637 650 στρυφνότητι,
652 575 749 649 καὶτῷ
762 576 915 650 πικραίνειν

148 664 182 729 τίς
195 662 240 718 ἐπί
253 665 283 719 τὸ
297 660 381 718 πολύ·
406 660 493 716 ταύτα
507 662 560 736 μάρ
574 664 646 717 ἐστιν
660 663 765 719 ίκείνσυ
776 682 915 737 χαρακτη-

147 749 255 822 ριστικά
281 748 330 803 τού
350 747 509 817 πλάσματος
522 739 586 819 παρ’
599 740 684 818 αύτῷ,
713 745 760 802 καί
772 747 808 801 τά
821 767 915 823 παρα-

147 831 249 901 πλίησια
260 832 374 894 τούτοις.
402 830 453 885 τῶν
466 828 495 884 δέ.
504 830 552 899 την
569 831 654 901 μέσην
673 827 812 886 διάλεκτον
824 826 915 901 ἤσκη-

147 919 243 989 κάτων,
263 911 298 984 ἣν
311 915 345 985 δὴ
358 914 504 988 κρατίστην
516 909 717 987 άιτοφαίνομαι,
741 915 814 970 κατά
827 917 915 971 ταῦτα

148 1001 285 1075 διαφέρειν
298 996 382 1057 αύτδν
395 996 593 1073 ύπελάμηάανον,
620 999 690 1054 κατά
704 999 752 1066 τὴν
766 1002 914 1071 ποικιλίαν,

148 1087 218 1141 κατά
244 1084 293 1153 τὴν
319 1085 501 1157 συμμετρίαν,
527 1085 596 1140 κατά
622 1084 670 1153 τήν
697 1078 854 1159 εὐκαιρίαν·
876 1082 915 1139 ἔτι

149 1171 215 1243 πρὸς
229 1168 335 1232 τούτοις
347 1170 418 1225 κατά
442 1168 473 1221 τδ
486 1168 644 1237 παθητικόν
658 1188 686 1222 τε
711 1187 758 1225 και
748 1168 915 1270 έναμιύνιρν

149 1252 384 1354 Ιιραίδραστὴρισν,
410 1272 458 1307 και
447 1252 622 1307 τελευταῖον
648 1254 679 1307 τδ
705 1254 819 1326 πρέπον,
835 1273 850 1307 ο
864 1254 914 1308 τῶν

150 1331 254 1442 άστρων
280 1335 363 1409 ψαύει
390 1338 464 1411 παρά
490 1337 673 1409 Δημοσθένει
699 1337 785 1392 ταῦτα
803 1324 914 1406 μένούν

147 1419 226 1525 ρωρίς
238 1422 341 1494 ἑκάστῳ
353 1421 405 1476 τῶν
419 1421 498 1497 τριῶν
512 1422 678 1522 πλασμάτων
692 1422 915 1496 παρακολουθεῖν

149 1506 223 1577 ἔφην,
240 1528 284 1562 και
274 1506 326 1563 ἐκ
341 1504 442 1560 τούτων
456 1502 589 1573 ἠξίουν
560 1525 608 1572 την
620 1508 818 1577 Δημοσθένους
835 1505 916 1562 δύνα·

149 1610 210 1663 μιν·
224 1592 367 1660 πεφυκότα
378 1591 427 1662 μέν
441 1588 487 1645 καί
504 1591 560 1653 τοῖς
573 1585 664 1653 άλλοις
690 1592 915 1665 παρακολουθεῖν

149 1674 298 1749 πλάσμασι,
312 1671 456 1746 κρατίστην
470 1666 499 1726 δ’
519 1671 586 1744 δ’ψιν
599 1673 693 1743 έχοντα
718 1674 766 1730 καί
789 1677 914 1749 ἐκπρεπε-

150 1758 249 1826 στάτην
263 1761 291 1812 έν
317 1756 424 1820 τούτοις
450 1759 507 1819 τοῖς
528 1760 642 1833 χωρίοις.
668 1756 732 1816 εἶδέ
746 1779 785 1822 τις
812 1757 916 1823 άξιύστι

150 1843 329 1913 συκοφαντεῖν
344 1843 392 1911 την
409 1840 551 1917 διαίρεσιν,
570 1842 661 1912 ἐπειδὴ
675 1845 722 1908 τάς
735 1844 814 1916 κοινῇ
829 1864 916 1916 παρα·

150 1925 343 1989 κολουθσύσας
364 1926 431 1982 πάσι
457 1929 514 1990 τοῖς
538 1928 696 1998 πλάσμασιν
717 1925 813 2000 άρετάς
839 1928 916 2000 τρίχα

151 2009 321 2084 διανείμασα,
343 2012 373 2065 τά
387 2010 459 2065 ίδιον
474 2012 598 2074 ἑκάσταις
624 2008 800 2085 ἀποδίδωσιν,
827 2015 915 2067 ἐκεῖνα

151 2093 185 2147 ἂν
199 2096 302 2166 είπσιμι
316 2095 382 2196 πρὸς
395 2089 536 2159 αύτδν,”
520 2117 563 2151 οτι
576 2091 673 2151 καθ’“
658 2119 672 2152 ο
679 2099 804 2202 μάλιστα
815 2098 916 2200 χωρίον

149 2180 247 2248 ἑκάστη
262 2181 313 2233 τῶν
326 2176 427 2253 άρετῶν
447 2177 512 2251 ὅφιν
531 2176 684 2250 ηδίστην”
670 2203 722 2251 εχει
748 2181 796 2237 καί
819 2202 917 2302 χρησιν

149 2257 371 2370 ίιφτλιμιρτάτην,
398 2284 468 2319 κατα
482 2284 563 2319 τουτο
590 2266 693 2321 τάττειν
719 2251 807 2333 αύτίην
835 2263 916 2331 άξιῶ·

150 2348 207 2402 έπεί
222 2347 268 2404 καί
281 2352 326 2418 της
352 2348 498 2449 σαφηνείας
525 2346 570 2404 καί
584 2371 632 2417 της
645 2351 792 2421 συντομίας
806 2349 852 2404 καί
868 2350 918 2404 τού

150 2433 274 2486 πιθανοῦ
294 2431 433 2504 χωρίον’
416 2433 619 2504 απσφαίνουσιν
632 2434 660 2490 οἱ
673 2435 854 2508 τεχνογράφοι
869 2436 918 2503 την

145 2512 292 2593 διήγησιν·
323 2511 396 2590 ούχ,
420 2515 452 2584 ὥς
479 2511 530 2573 σύκ
556 2514 673 2590 άλλαησύ
701 2514 827 2591 οὐδαμοῦ
855 2516 917 2574 δέον
