1950 2954
100 150 156 210 οτι
223 143 386 197 υτουυεα
404 140 750 194 σατιστυυαεεσσειε

104 251 150 309 καί
162 251 193 306 τό
206 253 290 316 ξένον,
319 248 367 305 καί
380 249 410 304 τό
424 252 452 312 ἐξ
463 244 652 316 ἐπιτηδεύσεως
665 241 747 316 άπαν,
765 243 870 317 άνηθο.

104 335 233 404 ποίητσν·
264 333 311 390 καί
324 334 472 403 συντίθησί
483 354 513 406 γι
531 326 617 399 αύτην
630 331 719 396 ἁπλῶς
736 334 812 388 πάνυ
825 333 871 390 καί

103 419 221 492 οἷφελῶς,
253 419 336 492 ὁρῶν,
364 413 408 474 ότι
432 413 483 473 ούκ
504 421 532 470 ἐν
550 414 584 489 τῇ
613 416 729 493 περιόδῳ
748 417 871 482 καὶτοῖς

104 506 236 577 ῥυθμοῖς,
262 496 317 557 ἄλλ’
344 505 371 556 ἐν
389 503 422 575 τῇ
441 501 615 573 διαλελυμένῃ
634 503 698 563 λέξει
718 500 821 573 γίνεται
839 503 870 557 τό

103 578 182 655 ίχθος.
209 588 335 642 καθόλου
354 586 396 658 ύὲ,
422 585 466 640 ἵνα
482 584 527 640 καὶ
546 585 606 657 περὶ
625 585 723 656 ταύτης
741 587 806 640 εἴπω
825 589 870 654 τῆς

103 670 210 744 άρετῆς,
239 665 289 725 ούκ
308 664 379 735 οἷδ’,
407 673 433 725 εἶ’
450 691 487 734 τις
505 665 583 733 άλλος
603 673 736 744 ρητόρων,
763 672 815 724 τῶν
841 692 871 741 γε

103 757 136 830 τῇ
159 755 241 829 ὁμοίᾳ
261 753 413 827 κατασκευῇ
431 757 605 830 χρησαμένων
625 757 674 810 τού
693 756 792 828 λόγου,
820 756 872 811 εἴτε

102 834 179 908 ἥδιον
191 841 348 914 συνέθηκεν,
374 841 425 894 εἴτε
438 836 633 910 πιθανώτερον.
662 837 737 894 δοκεῖ
754 839 804 910 μέν
817 843 871 914 γάρ

102 922 234 991 άποίητός
254 945 292 988 τις
305 919 375 980 εἶναι
393 923 438 979 καὶ
458 920 637 992 ἀτεχνίτευτος
650 923 666 979 ό
680 926 726 993 τῆς
739 921 873 998 ἁρμονίας

103 1004 350 1085 αύτούχαρακτήρ.
378 1006 423 1064 καί
443 1003 476 1063 ού
497 1001 669 1081 θαυμάσαιμ’
695 1003 737 1071 άν,
766 1005 872 1063 εἶπάσι

104 1093 151 1168 μὲν
166 1096 223 1156 τοῖς
241 1091 374 1165 ἰδιώταις,
401 1088 451 1147 ούκ
469 1089 570 1166 όλίγοις
591 1090 619 1146 ύὲ
639 1090 684 1147 καὶ
698 1094 749 1146 τῶν
762 1094 873 1162 φιλολό·

101 1199 165 1250 γαν,
193 1169 310 1254 όσοιμη
329 1178 445 1251 μεγάλας
463 1176 552 1245 ἔχουσι
572 1178 665 1250 τριβάς
685 1173 744 1251 περὶ
764 1178 870 1249 λόγους,

101 1259 231 1330 τοιαύτην
245 1263 307 1315 τινά
320 1262 456 1334 παράσχοι
470 1260 564 1330 ύόξαν,
592 1255 634 1315 ότι
649 1258 869 1331 άνσπιτηόιύτως,

104 1343 151 1400 οιαὶ
172 1341 204 1400 σύ
232 1346 301 1400 κατά
328 1349 432 1414 τέχνην,
461 1340 619 1416 αύτομάτως
646 1345 674 1400 ύέ
700 1365 754 1408 παις
770 1345 817 1401 καί
837 1343 871 1410 ὦς

103 1427 177 1499 λ’τυχε
193 1427 339 1502 σύγκειται.
361 1429 416 1484 ἔστι
430 1427 458 1483 όὲ
471 1431 573 1492 παντὸς
585 1428 774 1502 μάλλσνὲργου
787 1450 870 1499 τεχνι-

39 1576 45 1586 ,
103 1515 154 1568 κού
180 1514 429 1589 κατεσκευασμένος.
466 1515 610 1618 πεποίρται
629 1517 681 1588 γάρ
700 1510 770 1587 αύτῷ
787 1519 870 1571 τοῦτο

103 1601 134 1651 τό
161 1593 304 1696 άποίητρν,
330 1597 374 1651 καὶ
400 1596 504 1651 ύὲύεται
530 1600 561 1653 τό
587 1601 740 1670 λελυμένοι,
767 1600 814 1654 καὶ
841 1603 870 1655 ἐν

102 1677 177 1753 αὐτῷ
190 1679 226 1751 τῷ
237 1703 274 1753 μη
267 1681 377 1736 δακεῖν
394 1680 482 1744 ύειταις
502 1685 720 1738 κατεσκευάσθαι
734 1684 764 1738 τό
780 1683 869 1740 δεινόν

104 1764 164 1834 ἔχει.
188 1766 236 1832 τη“ν
258 1762 391 1833 άλὴθειαν
416 1752 467 1820 ούν
488 1786 528 1831 τις
546 1765 716 1838 ἐπιτηδεύων,
744 1768 788 1823 καὶ
815 1769 868 1840 φύ-

85 1852 168 1913 ’σεως
178 1870 294 1920 μιμητης
305 1852 433 1923 γίνεσθαι
457 1851 635 1923 βουλόμενος,
663 1847 712 1906 ούκ
727 1849 761 1908 άν
775 1849 868 1926 ἆμαρ-

102 1935 179 1989 τάνοι
199 1933 232 2007 τῇ
255 1935 364 1989 Λυσίου
391 1938 518 1991 συνθέσει
528 1936 676 2008 χρώμενος·
703 1938 794 2011 ἑτέραν
814 1939 868 2012 γάρ

109 2013 155 2074 ιύκ
170 2016 204 2075 άν
217 2015 291 2092 εύροι
303 2019 401 2087 ταύτης
418 2016 613 2124 άληθεστέραν.

172 2107 199 2159 9.
229 2107 327 2176 Οίσμαι
343 2104 371 2158 ύὲ
384 2101 429 2159 καί
444 2106 473 2158 τό
496 2107 597 2209 πρέπον
618 2103 685 2172 ἔχειν
697 2126 745 2172 την
758 2107 869 2162 Λυσίου

107 2188 180 2252 λεξιν,
209 2185 324 2251 σύθενός
345 2209 424 2255 ηττον
443 2190 494 2242 τῶν
514 2186 630 2261 άρχαίων
650 2192 776 2265 ῥητόρων,
804 2212 869 2268 κρα·

106 2271 197 2339 τίιιτην
217 2271 329 2329 άπασῶν
351 2270 446 2348 άρετην
466 2273 511 2327 καὶ
529 2276 708 2379 τελειοτάτην,
734 2273 806 2348 ύριιιν
819 2270 870 2332 αύ-

105 2374 152 2420 την
168 2358 233 2427 πρός
248 2378 274 2411 τε
288 2359 334 2412 τόν
348 2361 466 2431 λέγοντα,
494 2357 540 2413 καί
555 2360 619 2433 πρός
633 2359 694 2422 τούς
708 2354 869 2428 άκούοντας,

105 2437 230 2511 καὶπρὸς
248 2442 279 2494 τό
297 2442 424 2520 πρᾶγμα,
452 2438 493 2517 (ἐν
508 2442 614 2507 τούτοις
626 2445 680 2546 γάρ
695 2441 727 2512 ύή
742 2442 870 2519 καὶπρὸς

106 2524 191 2576 ταῦτα
202 2522 233 2576 τό
247 2524 400 2627 πρέπον)’
383 2525 535 2600 αρκούντως
547 2523 731 2601 ηρμοσμένην
757 2527 804 2584 καὶ
815 2530 871 2604 γάρ

108 2601 205 2679 ηλικίηι,
232 2605 374 2682 καίγόνει,
397 2631 443 2666 και
434 2609 583 2687 παιδείᾳ,
611 2611 871 2687 καίόπιτηύιύμαιι,
