<?xml version="1.0" encoding="UTF-8"?>
<!DOCTYPE html PUBLIC "-//W3C//DTD XHTML 1.0 Transitional//EN"
    "http://www.w3.org/TR/xhtml1/DTD/xhtml1-transitional.dtd">
<html xmlns="http://www.w3.org/1999/xhtml" xml:lang="en" lang="en">
 <head>
  <title>
</title>
<meta http-equiv="Content-Type" content="text/html;charset=utf-8" />
  <meta name='ocr-system' content='tesseract 3.04.00' />
  <meta name='ocr-capabilities' content='ocr_page ocr_carea ocr_par ocr_line ocrx_word'/>
</head>
<body>
  <div class='ocr_page' id='page_1' title='image "./operaomnia02diongoog_0408.png"; bbox 0 0 1950 2954; ppageno 0'>
   <div class='ocr_carea' id='block_1_1' title="bbox 97 170 894 272">
    <p class='ocr_par' dir='ltr' id='par_1_1' title="bbox 97 170 894 272">
     <span class='ocr_line' id='line_1_1' title="bbox 97 170 894 272; baseline -0.004 -10"><span class='ocrx_word' id='word_1_1' title='bbox 97 208 133 272; x_wconf 75' lang='grc' dir='ltr'><strong><em>τε</em></strong></span> <span class='ocrx_word' id='word_1_2' title='bbox 153 205 313 261; x_wconf 75' lang='grc' dir='ltr'><strong><em>οτοατεα</em></strong></span> <span class='ocrx_word' id='word_1_3' title='bbox 326 202 819 272; x_wconf 69' lang='lat' dir='ltr'><strong>nAL1c.E1›.n.AnAm-nm‚</strong></span> <span class='ocrx_word' id='word_1_4' title='bbox 875 170 894 259; x_wconf 78' lang='grc'><strong><em>“.</em></strong></span> 
     </span>
    </p>
   </div>
   <div class='ocr_carea' id='block_1_2' title="bbox 79 308 894 2735">
    <p class='ocr_par' dir='ltr' id='par_1_2' title="bbox 94 308 894 955">
     <span class='ocr_line' id='line_1_2' title="bbox 98 308 894 390; baseline -0.008 -16"><span class='ocrx_word' id='word_1_5' title='bbox 98 315 200 380; x_wconf 88' lang='grc' dir='ltr'><strong><em>πίστεις</em></strong></span> <span class='ocrx_word' id='word_1_6' title='bbox 218 316 384 390; x_wconf 73' lang='grc' dir='ltr'><em>παρέχομαι·</em></span> <span class='ocrx_word' id='word_1_7' title='bbox 413 308 602 387; x_wconf 77' lang='grc' dir='ltr'><strong><em>άκριρλεστεραν</em></strong></span> <span class='ocrx_word' id='word_1_8' title='bbox 631 310 661 367; x_wconf 81' lang='grc' dir='ltr'><strong><em>δί</em></strong></span> <span class='ocrx_word' id='word_1_9' title='bbox 679 311 730 380; x_wconf 69' lang='grc' dir='ltr'><strong><em>τὴν</em></strong></span> <span class='ocrx_word' id='word_1_10' title='bbox 749 310 863 380; x_wconf 71' lang='grc' dir='ltr'><strong><em>δήλτιοττ</em></strong></span> <span class='ocrx_word' id='word_1_11' title='bbox 890 370 894 381; x_wconf 68' lang='grc'><strong><em>,</em></strong></span> 
     </span>
     <span class='ocr_line' id='line_1_3' title="bbox 97 395 862 470; baseline -0.003 -16"><span class='ocrx_word' id='word_1_12' title='bbox 97 402 148 456; x_wconf 82' lang='grc' dir='ltr'><strong><em>τῶν</em></strong></span> <span class='ocrx_word' id='word_1_13' title='bbox 160 398 312 470; x_wconf 77' lang='grc' dir='ltr'><strong><em>ἰδιωμάτων</em></strong></span> <span class='ocrx_word' id='word_1_14' title='bbox 325 399 374 453; x_wconf 77' lang='grc' dir='ltr'><strong><em>τοῦ</em></strong></span> <span class='ocrx_word' id='word_1_15' title='bbox 386 398 555 470; x_wconf 76' lang='grc' dir='ltr'><strong><em>χαρακτῆρος</em></strong></span> <span class='ocrx_word' id='word_1_16' title='bbox 568 395 682 451; x_wconf 77' lang='grc' dir='ltr'><strong><em>ἔσεσθαι</em></strong></span> <span class='ocrx_word' id='word_1_17' title='bbox 695 397 862 467; x_wconf 76' lang='grc' dir='ltr'><strong><em>νομίζοντος,</em></strong></span> 
     </span>
     <span class='ocr_line' id='line_1_4' title="bbox 94 480 864 555; baseline -0.004 -16"><span class='ocrx_word' id='word_1_18' title='bbox 94 483 118 539; x_wconf 84' lang='grc' dir='ltr'><strong><em>εί</em></strong></span> <span class='ocrx_word' id='word_1_19' title='bbox 133 485 208 554; x_wconf 80' lang='grc' dir='ltr'><strong><em>παρά</em></strong></span> <span class='ocrx_word' id='word_1_20' title='bbox 230 482 298 555; x_wconf 83' lang='grc' dir='ltr'><strong><em>μίαν</em></strong></span> <span class='ocrx_word' id='word_1_21' title='bbox 321 482 495 548; x_wconf 75' lang='grc' dir='ltr'><strong><em>ἑκάστηντῶν</em></strong></span> <span class='ocrx_word' id='word_1_22' title='bbox 523 480 705 553; x_wconf 79' lang='grc' dir='ltr'><strong><em>παραθέσεων</em></strong></span> <span class='ocrx_word' id='word_1_23' title='bbox 718 481 770 543; x_wconf 89' lang='grc' dir='ltr'><strong><em>τάς</em></strong></span> <span class='ocrx_word' id='word_1_24' title='bbox 788 482 864 545; x_wconf 71' lang='grc' dir='ltr'><strong><em>λλξας</em></strong></span> 
     </span>
     <span class='ocr_line' id='line_1_5' title="bbox 96 560 864 638; baseline -0.003 -16"><span class='ocrx_word' id='word_1_25' title='bbox 96 569 144 622; x_wconf 75' lang='grc' dir='ltr'><strong><em>τοῦ</em></strong></span> <span class='ocrx_word' id='word_1_26' title='bbox 158 565 331 638; x_wconf 79' lang='grc' dir='ltr'><em>συγγραφέως</em></span> <span class='ocrx_word' id='word_1_27' title='bbox 345 563 542 636; x_wconf 77' lang='grc' dir='ltr'><strong><em>παρατιθείην·</em></strong></span> <span class='ocrx_word' id='word_1_28' title='bbox 574 560 590 618; x_wconf 77' lang='grc' dir='ltr'><strong><em>δ</em></strong></span> <span class='ocrx_word' id='word_1_29' title='bbox 605 563 633 618; x_wconf 84' lang='grc' dir='ltr'><strong><em>οί</em></strong></span> <span class='ocrx_word' id='word_1_30' title='bbox 651 565 699 628; x_wconf 87' lang='grc' dir='ltr'><strong><em>τάς</em></strong></span> <span class='ocrx_word' id='word_1_31' title='bbox 711 566 809 634; x_wconf 78' lang='grc' dir='ltr'><strong><em>τέχνας</em></strong></span> <span class='ocrx_word' id='word_1_32' title='bbox 820 562 864 621; x_wconf 81' lang='grc' dir='ltr'><strong><em>καί</em></strong></span> 
     </span>
     <span class='ocr_line' id='line_1_6' title="bbox 98 645 864 722; baseline 0 -18"><span class='ocrx_word' id='word_1_33' title='bbox 98 652 146 712; x_wconf 89' lang='grc' dir='ltr'><strong><em>τάς</em></strong></span> <span class='ocrx_word' id='word_1_34' title='bbox 159 645 307 720; x_wconf 87' lang='grc' dir='ltr'><strong><em>είσαγωγάς</em></strong></span> <span class='ocrx_word' id='word_1_35' title='bbox 320 648 371 702; x_wconf 82' lang='grc' dir='ltr'><strong><em>τῶν</em></strong></span> <span class='ocrx_word' id='word_1_36' title='bbox 383 648 723 722; x_wconf 84' lang='grc' dir='ltr'><strong><em>λδγωνπραγματεαδμενοι</em></strong></span> <span class='ocrx_word' id='word_1_37' title='bbox 736 649 864 704; x_wconf 74' lang='grc' dir='ltr'><strong><em>ποιοῦσι·</em></strong></span> 
     </span>
     <span class='ocr_line' id='line_1_7' title="bbox 96 729 865 806; baseline -0.001 -17"><span class='ocrx_word' id='word_1_38' title='bbox 96 733 275 806; x_wconf 84' lang='grc' dir='ltr'><strong><em>προελόμενος</em></strong></span> <span class='ocrx_word' id='word_1_39' title='bbox 288 729 324 795; x_wconf 85' lang='grc' dir='ltr'><strong><em>είς</em></strong></span> <span class='ocrx_word' id='word_1_40' title='bbox 335 729 418 806; x_wconf 81' lang='grc' dir='ltr'><strong><em>μηδὲν</em></strong></span> <span class='ocrx_word' id='word_1_41' title='bbox 431 733 571 804; x_wconf 73' lang='grc' dir='ltr'><strong><em>ἐλλείπειν,</em></strong></span> <span class='ocrx_word' id='word_1_42' title='bbox 597 730 644 787; x_wconf 90' lang='grc' dir='ltr'><strong><em>καί</em></strong></span> <span class='ocrx_word' id='word_1_43' title='bbox 657 731 740 788; x_wconf 81' lang='grc' dir='ltr'><strong><em>τοίιτο</em></strong></span> <span class='ocrx_word' id='word_1_44' title='bbox 752 732 865 801; x_wconf 81' lang='grc' dir='ltr'><strong><em>πεποίη·</em></strong></span> 
     </span>
     <span class='ocr_line' id='line_1_8' title="bbox 96 812 864 887; baseline 0.001 -17"><span class='ocrx_word' id='word_1_45' title='bbox 96 839 142 882; x_wconf 88' lang='grc' dir='ltr'><strong><em>κα,</em></strong></span> <span class='ocrx_word' id='word_1_46' title='bbox 171 818 202 870; x_wconf 86' lang='grc' dir='ltr'><strong><em>τὸ</em></strong></span> <span class='ocrx_word' id='word_1_47' title='bbox 223 814 412 871; x_wconf 84' lang='grc' dir='ltr'><strong><em>διδασκαλικὸν</em></strong></span> <span class='ocrx_word' id='word_1_48' title='bbox 439 818 526 886; x_wconf 72' lang='grc' dir='ltr'><strong><em>σχῆμα</em></strong></span> <span class='ocrx_word' id='word_1_49' title='bbox 547 814 638 887; x_wconf 78' lang='grc' dir='ltr'><strong><em>λαβὼν</em></strong></span> <span class='ocrx_word' id='word_1_50' title='bbox 656 813 718 871; x_wconf 86' lang='grc' dir='ltr'><strong><em>άντλ</em></strong></span> <span class='ocrx_word' id='word_1_51' title='bbox 738 817 789 871; x_wconf 75' lang='grc' dir='ltr'><strong><em>τοῦ</em></strong></span> <span class='ocrx_word' id='word_1_52' title='bbox 808 812 864 872; x_wconf 81' lang='grc' dir='ltr'><strong><em>ίπι·</em></strong></span> 
     </span>
     <span class='ocr_line' id='line_1_9' title="bbox 97 900 238 955; baseline -0.007 0"><span class='ocrx_word' id='word_1_53' title='bbox 97 900 238 955; x_wconf 81' lang='grc' dir='ltr'><strong><em>δεικτικοῖι.</em></strong></span> 
     </span>
    </p>

    <p class='ocr_par' dir='ltr' id='par_1_3' title="bbox 79 979 863 2735">
     <span class='ocr_line' id='line_1_10' title="bbox 79 979 863 1058; baseline -0.005 -17"><span class='ocrx_word' id='word_1_54' title='bbox 79 983 81 987; x_wconf 65' lang='grc'><strong>’</strong></span> <span class='ocrx_word' id='word_1_55' title='bbox 159 989 187 1041; x_wconf 88' lang='lat'><strong><em>2.</em></strong></span> <span class='ocrx_word' id='word_1_56' title='bbox 205 979 262 1040; x_wconf 77' lang='lat' dir='ltr'><strong><em>&#39;Ira</em></strong></span> <span class='ocrx_word' id='word_1_57' title='bbox 276 984 305 1039; x_wconf 81' lang='grc' dir='ltr'><strong><em>δὲ</em></strong></span> <span class='ocrx_word' id='word_1_58' title='bbox 317 979 597 1057; x_wconf 74' lang='grc' dir='ltr'><strong><em>εὐπαρακολούθητος</em></strong></span> <span class='ocrx_word' id='word_1_59' title='bbox 609 982 625 1038; x_wconf 87' lang='grc' dir='ltr'><strong><em>δ</em></strong></span> <span class='ocrx_word' id='word_1_60' title='bbox 638 983 718 1056; x_wconf 84' lang='grc' dir='ltr'><strong><em>λόγος</em></strong></span> <span class='ocrx_word' id='word_1_61' title='bbox 725 1003 772 1038; x_wconf 92' lang='grc' dir='ltr'><strong><em>σοι</em></strong></span> <span class='ocrx_word' id='word_1_62' title='bbox 783 986 863 1058; x_wconf 78' lang='grc' dir='ltr'><strong><em>γίνη-</em></strong></span> 
     </span>
     <span class='ocr_line' id='line_1_11' title="bbox 96 1062 859 1141; baseline -0.003 -19"><span class='ocrx_word' id='word_1_63' title='bbox 96 1089 149 1139; x_wconf 83' lang='grc' dir='ltr'><strong><em>ται,</em></strong></span> <span class='ocrx_word' id='word_1_64' title='bbox 176 1067 291 1141; x_wconf 85' lang='grc' dir='ltr'><strong><em>προθείς</em></strong></span> <span class='ocrx_word' id='word_1_65' title='bbox 301 1069 372 1123; x_wconf 87' lang='grc' dir='ltr'><strong><em>κατά</em></strong></span> <span class='ocrx_word' id='word_1_66' title='bbox 390 1068 463 1132; x_wconf 76' lang='grc' dir='ltr'><strong><em>λέξιν,</em></strong></span> <span class='ocrx_word' id='word_1_67' title='bbox 492 1062 544 1122; x_wconf 81' lang='grc' dir='ltr'><strong><em>ὅσα</em></strong></span> <span class='ocrx_word' id='word_1_68' title='bbox 572 1064 632 1139; x_wconf 87' lang='grc' dir='ltr'><strong><em>περί</em></strong></span> <span class='ocrx_word' id='word_1_69' title='bbox 658 1067 708 1122; x_wconf 77' lang='grc' dir='ltr'><strong><em>τοῦ</em></strong></span> <span class='ocrx_word' id='word_1_70' title='bbox 733 1086 859 1141; x_wconf 83' lang='grc' dir='ltr'><strong><em>σαγγρα·</em></strong></span> 
     </span>
     <span class='ocr_line' id='line_1_12' title="bbox 95 1148 863 1226; baseline -0.001 -20"><span class='ocrx_word' id='word_1_71' title='bbox 95 1152 165 1222; x_wconf 81' lang='grc' dir='ltr'><strong><em>φίας</em></strong></span> <span class='ocrx_word' id='word_1_72' title='bbox 183 1152 305 1224; x_wconf 82' lang='grc' dir='ltr'><strong><em>τυγχάνω</em></strong></span> <span class='ocrx_word' id='word_1_73' title='bbox 328 1150 498 1225; x_wconf 83' lang='grc' dir='ltr'><strong><em>προειρηκὼς,</em></strong></span> <span class='ocrx_word' id='word_1_74' title='bbox 526 1151 704 1226; x_wconf 69' lang='grc' dir='ltr'><strong><em>ἐπιτροχάδην</em></strong></span> <span class='ocrx_word' id='word_1_75' title='bbox 722 1148 863 1221; x_wconf 76' lang='grc' dir='ltr'><strong><em>διαλήψο-</em></strong></span> 
     </span>
     <span class='ocr_line' id='line_1_13' title="bbox 94 1231 863 1308; baseline 0 -20"><span class='ocrx_word' id='word_1_76' title='bbox 94 1254 145 1306; x_wconf 88' lang='grc' dir='ltr'><strong><em>μαι</em></strong></span> <span class='ocrx_word' id='word_1_77' title='bbox 164 1235 214 1287; x_wconf 84' lang='grc' dir='ltr'><strong><em>τῶν</em></strong></span> <span class='ocrx_word' id='word_1_78' title='bbox 240 1236 398 1308; x_wconf 80' lang='grc' dir='ltr'><strong><em>προθέσεων</em></strong></span> <span class='ocrx_word' id='word_1_79' title='bbox 425 1236 552 1303; x_wconf 74' lang='grc' dir='ltr'><strong><em>ἑκάστην,</em></strong></span> <span class='ocrx_word' id='word_1_80' title='bbox 585 1234 630 1289; x_wconf 83' lang='grc' dir='ltr'><strong><em>καί</em></strong></span> <span class='ocrx_word' id='word_1_81' title='bbox 648 1235 696 1297; x_wconf 87' lang='grc' dir='ltr'><strong><em>τάς</em></strong></span> <span class='ocrx_word' id='word_1_82' title='bbox 715 1231 863 1297; x_wconf 70' lang='grc' dir='ltr'><strong><em>ἀποδείξεις</em></strong></span> 
     </span>
     <span class='ocr_line' id='line_1_14' title="bbox 94 1315 863 1422; baseline 0.003 -52"><span class='ocrx_word' id='word_1_83' title='bbox 94 1318 255 1389; x_wconf 78' lang='grc' dir='ltr'><strong><em>παρέξομαι,</em></strong></span> <span class='ocrx_word' id='word_1_84' title='bbox 283 1316 450 1394; x_wconf 86' lang='grc' dir='ltr'><strong><em>καθάπερ’</em></strong></span> <span class='ocrx_word' id='word_1_85' title='bbox 435 1321 532 1387; x_wconf 86' lang='grc' dir='ltr'><strong><em>ηξίοος.</em></strong></span> <span class='ocrx_word' id='word_1_86' title='bbox 559 1338 650 1373; x_wconf 83' lang='grc' dir='ltr'><strong><em>επεται</em></strong></span> <span class='ocrx_word' id='word_1_87' title='bbox 670 1317 698 1372; x_wconf 77' lang='grc' dir='ltr'><strong><em>δι’</em></strong></span> <span class='ocrx_word' id='word_1_88' title='bbox 717 1321 779 1384; x_wconf 78' lang='grc' dir='ltr'><strong><em>τοῖς</em></strong></span> <span class='ocrx_word' id='word_1_89' title='bbox 802 1315 863 1422; x_wconf 74' lang='grc' dir='ltr'><strong><em>περὶ</em></strong></span> 
     </span>
     <span class='ocr_line' id='line_1_15' title="bbox 94 1392 855 1476; baseline 0.003 -22.016"><span class='ocrx_word' id='word_1_90' title='bbox 94 1392 244 1474; x_wconf 75' lang='grc' dir='ltr'><strong><em>Ἡροδότου</em></strong></span> <span class='ocrx_word' id='word_1_91' title='bbox 258 1405 385 1476; x_wconf 77' lang='grc' dir='ltr'><strong><em>γραφεῖσι</em></strong></span> <span class='ocrx_word' id='word_1_92' title='bbox 399 1405 432 1456; x_wconf 86' lang='grc' dir='ltr'><strong><em>τά</em></strong></span> <span class='ocrx_word' id='word_1_93' title='bbox 451 1404 581 1471; x_wconf 81' lang='grc' dir='ltr'><strong><em>μέλλοντα</em></strong></span> <span class='ocrx_word' id='word_1_94' title='bbox 601 1401 766 1469; x_wconf 82' lang='grc' dir='ltr'><strong><em>δηλοῦσθαι.</em></strong></span> <span class='ocrx_word' id='word_1_95' title='bbox 794 1401 855 1458; x_wconf 79' lang='grc' dir='ltr'><strong><em>τοί·</em></strong></span> 
     </span>
     <span class='ocr_line' id='line_1_16' title="bbox 96 1484 862 1561; baseline 0 -23"><span class='ocrx_word' id='word_1_96' title='bbox 96 1504 131 1555; x_wconf 83' lang='grc' dir='ltr'><strong><em>τῳ</em></strong></span> <span class='ocrx_word' id='word_1_97' title='bbox 143 1486 197 1558; x_wconf 88' lang='grc' dir='ltr'><strong><em>γάρ</em></strong></span> <span class='ocrx_word' id='word_1_98' title='bbox 220 1484 389 1554; x_wconf 86' lang='grc' dir='ltr'><strong><em>θουκαδίδης</em></strong></span> <span class='ocrx_word' id='word_1_99' title='bbox 414 1507 448 1540; x_wconf 93' lang='grc' dir='ltr'><strong><em>τω</em></strong></span> <span class='ocrx_word' id='word_1_100' title='bbox 438 1484 543 1561; x_wconf 85' lang='grc' dir='ltr'><strong><em>άνδρλ</em></strong></span> <span class='ocrx_word' id='word_1_101' title='bbox 567 1485 710 1557; x_wconf 75' lang='grc' dir='ltr'><strong><em>ἐπιβαλὼν,</em></strong></span> <span class='ocrx_word' id='word_1_102' title='bbox 739 1485 862 1551; x_wconf 74' lang='grc' dir='ltr'><strong><em>καὶτοῖς</em></strong></span> 
     </span>
     <span class='ocr_line' id='line_1_17' title="bbox 97 1539 862 1642; baseline 0.001 -20"><span class='ocrx_word' id='word_1_103' title='bbox 97 1539 192 1632; x_wconf 76' lang='grc' dir='ltr'><strong><em>ἄλλοις,</em></strong></span> <span class='ocrx_word' id='word_1_104' title='bbox 222 1555 258 1621; x_wconf 78' lang='grc' dir='ltr'><strong><em>ὧν</em></strong></span> <span class='ocrx_word' id='word_1_105' title='bbox 274 1570 404 1642; x_wconf 83' lang='grc' dir='ltr'><strong><em>πρότερον</em></strong></span> <span class='ocrx_word' id='word_1_106' title='bbox 421 1571 573 1641; x_wconf 74' lang='grc' dir='ltr'><strong><em>ἐμνήσθην,</em></strong></span> <span class='ocrx_word' id='word_1_107' title='bbox 599 1568 646 1624; x_wconf 83' lang='grc' dir='ltr'><strong><em>καί</em></strong></span> <span class='ocrx_word' id='word_1_108' title='bbox 671 1564 850 1641; x_wconf 72' lang='grc' dir='ltr'><strong><em>συνιδὼν,</em></strong></span> <span class='ocrx_word' id='word_1_109' title='bbox 831 1588 862 1632; x_wconf 89' lang='grc' dir='ltr'><strong><em>ας</em></strong></span> 
     </span>
     <span class='ocr_line' id='line_1_18' title="bbox 95 1646 862 1726; baseline 0.007 -23"><span class='ocrx_word' id='word_1_110' title='bbox 95 1646 207 1713; x_wconf 88' lang='grc' dir='ltr'><strong><em>εκαστος</em></strong></span> <span class='ocrx_word' id='word_1_111' title='bbox 226 1647 315 1704; x_wconf 81' lang='grc' dir='ltr'><strong><em>αδτῶν</em></strong></span> <span class='ocrx_word' id='word_1_112' title='bbox 341 1671 414 1719; x_wconf 80' lang='grc' dir='ltr'><strong><em>εσγεν</em></strong></span> <span class='ocrx_word' id='word_1_113' title='bbox 435 1651 545 1726; x_wconf 82' lang='grc' dir='ltr'><strong><em>άρετάς,</em></strong></span> <span class='ocrx_word' id='word_1_114' title='bbox 577 1652 648 1708; x_wconf 82' lang='grc' dir='ltr'><strong><em>ἴδιόν</em></strong></span> <span class='ocrx_word' id='word_1_115' title='bbox 668 1674 694 1707; x_wconf 90' lang='grc' dir='ltr'><strong><em>τι</em></strong></span> <span class='ocrx_word' id='word_1_116' title='bbox 712 1657 791 1726; x_wconf 78' lang='grc' dir='ltr'><strong><em>γένος</em></strong></span> <span class='ocrx_word' id='word_1_117' title='bbox 808 1674 862 1722; x_wconf 79' lang='grc' dir='ltr'><strong><em>γα·</em></strong></span> 
     </span>
     <span class='ocr_line' id='line_1_19' title="bbox 95 1728 863 1810; baseline 0.007 -25"><span class='ocrx_word' id='word_1_118' title='bbox 95 1735 236 1806; x_wconf 81' lang='grc' dir='ltr'><strong><em>ρακτῆρσς,</em></strong></span> <span class='ocrx_word' id='word_1_119' title='bbox 264 1728 325 1789; x_wconf 76' lang='grc' dir='ltr'><strong><em>οὔτε</em></strong></span> <span class='ocrx_word' id='word_1_120' title='bbox 350 1736 428 1801; x_wconf 83' lang='grc' dir='ltr'><strong><em>πεζὸν</em></strong></span> <span class='ocrx_word' id='word_1_121' title='bbox 461 1731 620 1801; x_wconf 75' lang='grc' dir='ltr'><strong><em>αὐτοτελῶς,</em></strong></span> <span class='ocrx_word' id='word_1_122' title='bbox 648 1732 707 1792; x_wconf 71' lang='grc' dir='ltr'><strong><em>οὔτ’</em></strong></span> <span class='ocrx_word' id='word_1_123' title='bbox 734 1736 863 1810; x_wconf 76' lang='grc' dir='ltr'><strong><em>ἔμμετρον</em></strong></span> 
     </span>
     <span class='ocr_line' id='line_1_20' title="bbox 95 1813 862 1894; baseline 0.004 -24"><span class='ocrx_word' id='word_1_124' title='bbox 95 1813 306 1890; x_wconf 74' lang='grc' dir='ltr'><strong><em>ἀπηρτισμένως,</em></strong></span> <span class='ocrx_word' id='word_1_125' title='bbox 334 1820 426 1873; x_wconf 87' lang='grc' dir='ltr'><strong><em>κοινδν</em></strong></span> <span class='ocrx_word' id='word_1_126' title='bbox 449 1819 477 1876; x_wconf 76' lang='grc' dir='ltr'><strong><em>δέ</em></strong></span> <span class='ocrx_word' id='word_1_127' title='bbox 496 1843 521 1877; x_wconf 88' lang='grc' dir='ltr'><strong><em>τι</em></strong></span> <span class='ocrx_word' id='word_1_128' title='bbox 545 1820 590 1875; x_wconf 88' lang='grc' dir='ltr'><strong><em>καί</em></strong></span> <span class='ocrx_word' id='word_1_129' title='bbox 602 1822 698 1891; x_wconf 87' lang='grc' dir='ltr'><strong><em>μικτὸν</em></strong></span> <span class='ocrx_word' id='word_1_130' title='bbox 711 1825 738 1886; x_wconf 72' lang='grc' dir='ltr'><strong><em>ἐξ</em></strong></span> <span class='ocrx_word' id='word_1_131' title='bbox 756 1820 862 1894; x_wconf 79' lang='grc' dir='ltr'><strong><em>άμφολν</em></strong></span> 
     </span>
     <span class='ocr_line' id='line_1_21' title="bbox 94 1899 861 1978; baseline 0.008 -24"><span class='ocrx_word' id='word_1_132' title='bbox 94 1902 281 1973; x_wconf 69' lang='grc' dir='ltr'><strong><em>ἐργασάμενος,</em></strong></span> <span class='ocrx_word' id='word_1_133' title='bbox 301 1899 337 1968; x_wconf 84' lang='grc' dir='ltr'><strong><em>είς</em></strong></span> <span class='ocrx_word' id='word_1_134' title='bbox 350 1903 399 1971; x_wconf 76' lang='grc' dir='ltr'><strong><em>την</em></strong></span> <span class='ocrx_word' id='word_1_135' title='bbox 413 1903 549 1975; x_wconf 75' lang='grc' dir='ltr'><strong><em>ἱστορικὴν</em></strong></span> <span class='ocrx_word' id='word_1_136' title='bbox 562 1905 749 1978; x_wconf 68' lang='grc' dir='ltr'><strong><em>πραγματείαν</em></strong></span> <span class='ocrx_word' id='word_1_137' title='bbox 763 1904 861 1962; x_wconf 79' lang='grc' dir='ltr'><strong><em>ἐσποί·</em></strong></span> 
     </span>
     <span class='ocr_line' id='line_1_22' title="bbox 96 1982 861 2063; baseline 0.009 -25"><span class='ocrx_word' id='word_1_138' title='bbox 96 1983 176 2039; x_wconf 83' lang='grc' dir='ltr'><strong><em>δασεν</em></strong></span> <span class='ocrx_word' id='word_1_139' title='bbox 189 1982 355 2061; x_wconf 81' lang='grc' dir='ltr'><strong><em>εἷσαγαγεῖν·</em></strong></span> <span class='ocrx_word' id='word_1_140' title='bbox 381 1988 426 2042; x_wconf 78' lang='grc' dir='ltr'><strong><em>ἐπὶ</em></strong></span> <span class='ocrx_word' id='word_1_141' title='bbox 438 1988 488 2059; x_wconf 79' lang='grc' dir='ltr'><strong><em>μὲν</em></strong></span> <span class='ocrx_word' id='word_1_142' title='bbox 502 1990 548 2057; x_wconf 79' lang='grc' dir='ltr'><strong><em>τῆς</em></strong></span> <span class='ocrx_word' id='word_1_143' title='bbox 560 1991 670 2063; x_wconf 73' lang='grc' dir='ltr'><strong><em>ἐκλογῆς</em></strong></span> <span class='ocrx_word' id='word_1_144' title='bbox 681 1991 735 2044; x_wconf 81' lang='grc' dir='ltr'><strong><em>τῶν</em></strong></span> <span class='ocrx_word' id='word_1_145' title='bbox 753 1987 861 2063; x_wconf 87' lang='grc' dir='ltr'><strong><em>ὄνομά-</em></strong></span> 
     </span>
     <span class='ocr_line' id='line_1_23' title="bbox 95 2069 858 2145; baseline 0.009 -24"><span class='ocrx_word' id='word_1_146' title='bbox 95 2088 145 2121; x_wconf 87' lang='grc' dir='ltr'><strong><em>των</em></strong></span> <span class='ocrx_word' id='word_1_147' title='bbox 159 2069 208 2136; x_wconf 71' lang='grc' dir='ltr'><strong><em>τὴν</em></strong></span> <span class='ocrx_word' id='word_1_148' title='bbox 220 2072 362 2144; x_wconf 73' lang='grc' dir='ltr'><strong><em>τροπικὴν,</em></strong></span> <span class='ocrx_word' id='word_1_149' title='bbox 390 2071 436 2127; x_wconf 79' lang='grc' dir='ltr'><strong><em>καί</em></strong></span> <span class='ocrx_word' id='word_1_150' title='bbox 446 2074 678 2143; x_wconf 77' lang='grc' dir='ltr'><strong><em>γλωττηματικὴν,</em></strong></span> <span class='ocrx_word' id='word_1_151' title='bbox 706 2072 752 2128; x_wconf 84' lang='grc' dir='ltr'><strong><em>καί</em></strong></span> <span class='ocrx_word' id='word_1_152' title='bbox 767 2072 858 2145; x_wconf 88' lang='grc' dir='ltr'><strong><em>άπηρ-</em></strong></span> 
     </span>
     <span class='ocr_line' id='line_1_24' title="bbox 93 2153 858 2230; baseline 0.009 -24"><span class='ocrx_word' id='word_1_153' title='bbox 93 2153 255 2222; x_wconf 78' lang='grc' dir='ltr'><strong><em>χαιωμίνην,</em></strong></span> <span class='ocrx_word' id='word_1_154' title='bbox 283 2153 328 2209; x_wconf 86' lang='grc' dir='ltr'><strong><em>καί</em></strong></span> <span class='ocrx_word' id='word_1_155' title='bbox 346 2158 421 2225; x_wconf 80' lang='grc' dir='ltr'><strong><em>ξένην</em></strong></span> <span class='ocrx_word' id='word_1_156' title='bbox 441 2157 507 2220; x_wconf 76' lang='grc' dir='ltr'><strong><em>λέξιν</em></strong></span> <span class='ocrx_word' id='word_1_157' title='bbox 524 2158 746 2230; x_wconf 79' lang='grc' dir='ltr'><strong><em>παραλαμβάνων</em></strong></span> <span class='ocrx_word' id='word_1_158' title='bbox 760 2158 858 2213; x_wconf 87' lang='grc' dir='ltr'><strong><em>πολλά·</em></strong></span> 
     </span>
     <span class='ocr_line' id='line_1_25' title="bbox 96 2233 858 2308; baseline 0.005 -18"><span class='ocrx_word' id='word_1_159' title='bbox 96 2257 134 2299; x_wconf 91' lang='grc' dir='ltr'><strong><em>κις</em></strong></span> <span class='ocrx_word' id='word_1_160' title='bbox 149 2233 209 2291; x_wconf 82' lang='grc' dir='ltr'><strong><em>οίιτλ</em></strong></span> <span class='ocrx_word' id='word_1_161' title='bbox 222 2241 267 2306; x_wconf 78' lang='grc' dir='ltr'><strong><em>τῆς</em></strong></span> <span class='ocrx_word' id='word_1_162' title='bbox 282 2241 372 2307; x_wconf 73' lang='grc' dir='ltr'><strong><em>κοινῆς</em></strong></span> <span class='ocrx_word' id='word_1_163' title='bbox 385 2239 430 2294; x_wconf 85' lang='grc' dir='ltr'><strong><em>καί</em></strong></span> <span class='ocrx_word' id='word_1_164' title='bbox 453 2240 594 2308; x_wconf 73' lang='grc' dir='ltr'><strong><em>συνήθους</em></strong></span> <span class='ocrx_word' id='word_1_165' title='bbox 606 2243 662 2304; x_wconf 78' lang='grc' dir='ltr'><strong><em>τοῖς</em></strong></span> <span class='ocrx_word' id='word_1_166' title='bbox 674 2237 742 2296; x_wconf 76' lang='grc' dir='ltr'><strong><em>καθ’</em></strong></span> <span class='ocrx_word' id='word_1_167' title='bbox 758 2242 858 2297; x_wconf 80' lang='grc' dir='ltr'><strong><em>ἑαυτὸν</em></strong></span> 
     </span>
     <span class='ocr_line' id='line_1_26' title="bbox 95 2317 859 2398; baseline 0.009 -25"><span class='ocrx_word' id='word_1_168' title='bbox 95 2317 264 2396; x_wconf 77' lang='grc' dir='ltr'><strong><em>ἀνθρώποις·</em></strong></span> <span class='ocrx_word' id='word_1_169' title='bbox 292 2321 336 2378; x_wconf 78' lang='grc' dir='ltr'><strong><em>λιτὶ</em></strong></span> <span class='ocrx_word' id='word_1_170' title='bbox 356 2323 384 2377; x_wconf 77' lang='grc' dir='ltr'><strong><em>δὲ</em></strong></span> <span class='ocrx_word' id='word_1_171' title='bbox 405 2326 457 2378; x_wconf 83' lang='grc' dir='ltr'><strong><em>τῶν</em></strong></span> <span class='ocrx_word' id='word_1_172' title='bbox 475 2326 677 2398; x_wconf 81' lang='grc' dir='ltr'><strong><em>σχηματισμῶν,</em></strong></span> <span class='ocrx_word' id='word_1_173' title='bbox 703 2327 732 2379; x_wconf 74' lang='grc' dir='ltr'><strong><em>ἐν</em></strong></span> <span class='ocrx_word' id='word_1_174' title='bbox 753 2320 793 2387; x_wconf 83' lang='grc' dir='ltr'><strong><em>οἷς</em></strong></span> <span class='ocrx_word' id='word_1_175' title='bbox 807 2327 859 2395; x_wconf 87' lang='grc' dir='ltr'><strong><em>μά-</em></strong></span> 
     </span>
     <span class='ocr_line' id='line_1_27' title="bbox 92 2403 860 2481; baseline 0.008 -26"><span class='ocrx_word' id='word_1_176' title='bbox 92 2403 170 2457; x_wconf 87' lang='grc' dir='ltr'><strong><em>λιστα</em></strong></span> <span class='ocrx_word' id='word_1_177' title='bbox 184 2404 323 2476; x_wconf 68' lang='grc' dir='ltr'><strong><em>ἐβουλήθη</em></strong></span> <span class='ocrx_word' id='word_1_178' title='bbox 338 2406 528 2480; x_wconf 78' lang='grc' dir='ltr'><strong><em>διενεγκεῖν</em></strong></span> <span class='ocrx_word' id='word_1_179' title='bbox 493 2429 545 2463; x_wconf 89' lang='grc' dir='ltr'><strong><em>των</em></strong></span> <span class='ocrx_word' id='word_1_180' title='bbox 559 2410 612 2481; x_wconf 87' lang='grc' dir='ltr'><strong><em>πρδ</em></strong></span> <span class='ocrx_word' id='word_1_181' title='bbox 625 2404 719 2475; x_wconf 75' lang='grc' dir='ltr'><strong><em>αὐτου,</em></strong></span> <span class='ocrx_word' id='word_1_182' title='bbox 735 2411 860 2478; x_wconf 81' lang='grc' dir='ltr'><strong><em>πλείστην</em></strong></span> 
     </span>
     <span class='ocr_line' id='line_1_28' title="bbox 94 2480 861 2595; baseline 0.012 -57"><span class='ocrx_word' id='word_1_183' title='bbox 94 2480 306 2566; x_wconf 81' lang='grc' dir='ltr'><strong><em>εἶσενεγκάμενος</em></strong></span> <span class='ocrx_word' id='word_1_184' title='bbox 330 2493 532 2595; x_wconf 82' lang='grc' dir='ltr'><strong><em>πραγματείαν,</em></strong></span> <span class='ocrx_word' id='word_1_185' title='bbox 567 2492 627 2546; x_wconf 88' lang='grc' dir='ltr'><strong><em>τοτε</em></strong></span> <span class='ocrx_word' id='word_1_186' title='bbox 651 2492 702 2564; x_wconf 76' lang='grc' dir='ltr'><strong><em>μὲν</em></strong></span> <span class='ocrx_word' id='word_1_187' title='bbox 728 2493 811 2567; x_wconf 88' lang='grc' dir='ltr'><strong><em>λόγον</em></strong></span> <span class='ocrx_word' id='word_1_188' title='bbox 836 2495 861 2556; x_wconf 75' lang='grc' dir='ltr'><strong><em>ἐξ</em></strong></span> 
     </span>
     <span class='ocr_line' id='line_1_29' title="bbox 94 2559 859 2649; baseline 0.015 -29"><span class='ocrx_word' id='word_1_189' title='bbox 94 2559 226 2637; x_wconf 72' lang='grc' dir='ltr'><strong><em>δείματος</em></strong></span> <span class='ocrx_word' id='word_1_190' title='bbox 238 2574 331 2639; x_wconf 85' lang='grc' dir='ltr'><strong><em>ποιῶν,</em></strong></span> <span class='ocrx_word' id='word_1_191' title='bbox 350 2594 411 2630; x_wconf 88' lang='grc' dir='ltr'><strong><em>τοτε</em></strong></span> <span class='ocrx_word' id='word_1_192' title='bbox 404 2571 484 2630; x_wconf 74' lang='grc' dir='ltr'><strong><em>δ”</em></strong></span> <span class='ocrx_word' id='word_1_193' title='bbox 461 2595 497 2638; x_wconf 89' lang='grc' dir='ltr'><strong><em>εις</em></strong></span> <span class='ocrx_word' id='word_1_194' title='bbox 510 2574 598 2647; x_wconf 90' lang='grc' dir='ltr'><strong><em>ονομα</em></strong></span> <span class='ocrx_word' id='word_1_195' title='bbox 611 2577 735 2649; x_wconf 87' lang='grc' dir='ltr'><strong><em>συνάγων</em></strong></span> <span class='ocrx_word' id='word_1_196' title='bbox 749 2577 797 2631; x_wconf 85' lang='grc' dir='ltr'><strong><em>τδν</em></strong></span> <span class='ocrx_word' id='word_1_197' title='bbox 810 2577 859 2632; x_wconf 84' lang='grc' dir='ltr'><strong><em>λδ-</em></strong></span> 
     </span>
     <span class='ocr_line' id='line_1_30' title="bbox 87 2651 859 2735; baseline 0.016 -31"><span class='ocrx_word' id='word_1_198' title='bbox 87 2667 157 2728; x_wconf 83' lang='grc' dir='ltr'><strong><em>γον·</em></strong></span> <span class='ocrx_word' id='word_1_199' title='bbox 181 2651 229 2709; x_wconf 84' lang='grc' dir='ltr'><strong><em>καί</em></strong></span> <span class='ocrx_word' id='word_1_200' title='bbox 240 2656 290 2711; x_wconf 74' lang='grc' dir='ltr'><strong><em>νῦν</em></strong></span> <span class='ocrx_word' id='word_1_201' title='bbox 302 2657 351 2730; x_wconf 77' lang='grc' dir='ltr'><strong><em>μὲν</em></strong></span> <span class='ocrx_word' id='word_1_202' title='bbox 364 2660 395 2715; x_wconf 84' lang='grc' dir='ltr'><strong><em>τὸ</em></strong></span> <span class='ocrx_word' id='word_1_203' title='bbox 417 2657 592 2735; x_wconf 75' lang='grc' dir='ltr'><strong><em>ῥηματικδν’</em></strong></span> <span class='ocrx_word' id='word_1_204' title='bbox 578 2662 760 2725; x_wconf 81' lang='grc' dir='ltr'><strong><em>ονομαστικῶς</em></strong></span> <span class='ocrx_word' id='word_1_205' title='bbox 780 2662 859 2729; x_wconf 77' lang='grc' dir='ltr'><strong><em>ἐκφλ-</em></strong></span> 
     </span>
    </p>
   </div>
   <div class='ocr_carea' id='block_1_3' title="bbox 0 0 980 2954">
    <p class='ocr_par' dir='ltr' id='par_1_4' title="bbox 0 0 980 2954">
     <span class='ocr_line' id='line_1_31' title="bbox 0 0 980 2954; baseline 0 0"><span class='ocrx_word' id='word_1_206' title='bbox 0 0 980 2954; x_wconf 95' lang='lat' dir='ltr'><strong><em> </em></strong></span> 
     </span>
    </p>
   </div>
  </div>
 </body>
</html>
