1950 2954
94 180 129 235 52
265 173 427 226 οιοωεειι
443 155 696 223 πιττοωιωκεε.

96 277 235 351 ἀνδράσιν,
256 275 324 335 ἀλλοί
336 281 384 342 τός
397 279 447 350 μίν
460 274 558 351 ἀρετάς
569 272 657 333 αάτόν
671 279 864 350 λαμβάνοντες,

95 365 142 427 τός
157 359 183 417 δ’
206 361 356 433 ἀποτυχίας
374 365 585 435 φυλαττόμενοι·
612 359 750 434 ἁψάμενός
770 383 798 417 τε
813 366 866 417 τῶν

96 450 286 522 συγγραφέων,
302 447 420 515 ἐδήλωσα
435 445 481 501 καί
494 444 556 518 περὶ
572 444 746 501 Θουκυδίδου
762 449 797 502 τοί
813 446 862 502 δο·

96 533 198 586 κοῢντό
210 551 271 602 μοι,
298 532 422 602 συντόμῳ
449 528 538 585 τεκαὶ
564 530 742 600 κεφαλαιώδει
766 530 864 606 γραφῇ

94 613 257 693 περιλαβὼν,
284 609 317 669 οό
338 609 374 669 δι’
402 611 546 687 όλιγωρίαν
571 612 617 668 καί
632 613 780 687 ῥᾳστώνην,
798 610 863 670 οόδί

95 697 139 753 διό
155 698 252 752 σπάνιν
265 700 317 753 τῶν
333 697 521 768 δυνησομένων
534 698 683 768 βεβαιῶσαι
697 698 745 763 τός
758 699 863 773 προθί·

95 802 157 846 σεις,
171 777 239 836 ἀλλά
252 785 299 852 τῆς
324 778 461 852 εόκαιρίας
475 784 525 836 τῶν
538 782 715 855 γραφομένων
729 784 861 852 στοχαζό-

95 885 185 938 μενος,
199 863 233 929 ὥς
246 865 292 920 καί
305 868 365 943 περί
379 866 430 920 τῶν
454 860 540 921 ἀλλων
563 868 687 933 ἐποίησα.
711 863 744 922 οὗ
758 869 814 940 γάρ
826 853 861 931 ἦν

94 947 192 1024 ἀκριβῆ
207 950 253 1005 καὶ
267 950 416 1017 διεξοδικὴν
443 949 557 1018 δήλωσιν
573 947 639 1024 ὑπὲρ
663 951 780 1005 ἑκάστου
808 952 861 1004 τῶν

93 1030 198 1107 ἀνδρῶν
212 1037 367 1105 ποιεῖσθαι,
381 1036 560 1109 προελόμενον
573 1030 608 1095 εἷς
622 1036 762 1103 ίλιίγιστον
776 1033 860 1106 ὄγκον

93 1121 256 1193 συναγαγεῖν
282 1119 330 1186 τήν
344 1119 538 1192 πραγματείαν.
567 1119 618 1171 σοίι
633 1117 660 1171 δὲ
673 1119 859 1189 βουληθέντος

1 1219 2 1227 ’
94 1200 166 1257 ίδίαν
192 1203 381 1265 συντάξασθαί
395 1223 427 1274 με
453 1202 514 1273 περὶ
538 1200 711 1257 Θουκυδίδου
737 1204 857 1277 γραφὴν,

93 1281 202 1341 ἅπαντα
215 1288 418 1359 περιειληφυῖαν
437 1287 471 1340 τά
485 1285 597 1357 δεόμενα
610 1286 702 1358 λόγων,
718 1283 858 1355 ἀναβαλό·

94 1391 171 1439 μενος
184 1371 231 1437 τὴν
245 1370 304 1444 περί
317 1372 515 1441 Δημοσθένους
529 1371 723 1444 πραγματείαν,
738 1364 771 1436 ἣν
786 1365 858 1438 είγον

94 1459 122 1507 ἐν
137 1454 235 1528 χερσίν,
251 1453 440 1522 δπεσγόμηντε
455 1455 585 1522 ποιήσειν,
600 1451 633 1516 ὧς
648 1455 787 1528 προῃροῦ·
811 1455 858 1509 καί

95 1541 208 1607 τελέσας,
222 1539 271 1606 τήν
286 1536 429 1606 ὑπόσχεσιν
442 1535 604 1609 ἀποδίδωμι.

158 1627 185 1678 2.
206 1622 319 1676 Μέλλων
333 1621 361 1675 δὲ
374 1623 425 1676 τῶν
435 1623 504 1677 κατσί
516 1624 597 1696 μέρος
606 1617 746 1677 ἅπτεσθαι
759 1623 858 1694 λόγων,

95 1702 172 1778 όλίγα
186 1705 246 1775 περὶ
259 1708 379 1775 ἐμαυτοῦ
397 1726 425 1761 τε
438 1704 485 1761 καί
498 1709 546 1761 τοῦ
560 1708 655 1779 γένους
669 1707 714 1771 τῆς
726 1726 859 1778 πραγμα-

95 1791 165 1853 τείας
191 1787 327 1860 βοόλομαι
353 1793 504 1864 προειπεῖν·
529 1787 562 1845 οὗ
577 1792 645 1854 σοῖν,
672 1791 712 1858 μοί
734 1790 798 1854 Δία,
814 1789 859 1844 καί

94 1873 203 1930 τῶνσοί
228 1875 424 1947 παραπλησίων
449 1872 532 1940 ἕνεκα,
560 1875 611 1927 τῶν
627 1870 680 1928 ἀπό
695 1875 796 1936 παντός
811 1877 859 1928 τοῦ

93 1958 233 2029 βελτίστου
249 1959 390 2030 κρινόντων
404 1959 606 2032 τάπροίγματα,
621 1955 666 2012 καί
679 1956 762 2025 μηδὲν
777 1953 859 2025 ἡγου-

94 2045 178 2112 μόνων
189 2045 280 2114 χρῆμα
307 2044 461 2116 τιμιώτερον
484 2045 530 2111 τῆς
556 2039 701 2108 ἀληθείας·
724 2039 791 2096 ἀλλά
808 2044 859 2095 τῶν

95 2121 188 2191 ἀλλων,
204 2122 277 2188 ὅσοις
295 2128 325 2180 τό
341 2123 408 2182 αὗτό
423 2126 558 2196 φιλαίτιον
573 2124 657 2179 ίνεστι
673 2126 724 2178 τῶν
738 2123 859 2198 ἀρχαῖσιν

95 2214 249 2281 γινομένων,
264 2212 314 2265 εἴτε
329 2212 397 2266 κατά
408 2213 457 2279 τήν
469 2212 555 2264 ταῦτα
569 2212 603 2265 τά
617 2211 705 2276 πάθη,
720 2212 798 2264 κοιναί
813 2215 858 2275 τῆς

95 2292 269 2368 ἀνθρωπίνης
295 2293 361 2349 όντα
386 2292 497 2365 φύσεως.
519 2291 660 2348 ὑποπτεύω
677 2296 729 2366 γάρ
744 2293 858 2348 ἔσεσθαι

95 2397 167 2440 τινας
179 2379 229 2433 τῶν
245 2376 470 2450 ἀναγνωσομένων
482 2377 529 2445 τήν
542 2378 665 2453 γραφὴν,
691 2378 754 2440 τούς
768 2381 857 2432 ε’πιτι-

94 2461 228 2529 μήσοντας
242 2458 318 2536 ἡμῖν,
333 2459 375 2517 ότι
389 2463 524 2536 τολμῶμεν
537 2459 701 2532 ἀποφαίνειν
718 2460 856 2515 Θουκυδί-

96 2543 145 2608 δην
165 2546 211 2598 τόν
230 2543 356 2600 ἀπόντων
382 2548 524 2621 κρότιστον
551 2547 603 2600 τῶν
629 2543 858 2618 ίοτοριογρόφων,

90 2623 141 2680 καί
152 2629 223 2683 κατοί
235 2630 282 2700 τήν
296 2629 452 2708 προαίρεσίν
475 2649 541 2686 ποτε
553 2632 606 2685 τῶν
619 2630 705 2701 λόγων
731 2626 857 2701 ἁμαρτό-
