1950 2954
300 110 349 162 m:
374 107 477 160 ιτειε
504 108 676 162 ιισιοεντι.
821 115 872 178 241

105 240 184 293 ιαμιν
197 217 335 288 τοοαδτην
347 219 376 273 δν
389 215 506 293 ἀνάμασι
519 221 621 297 κυρίοις
634 216 680 274 καὶ
694 221 795 285 κοινοῖς
804 216 874 278 ἀπο·

104 302 282 372 διιξαμένους.

171 389 200 445 4.
231 388 329 460 Τρίτην
344 383 442 463 ἀρετήν
468 387 663 463 ἀποφαίνομαι
681 386 743 463 περί
763 390 810 445 τδν
823 384 876 444 ἀν-

108 471 161 544 δρα
175 473 224 541 τήν
237 472 396 542 σαφήνειαν,
417 469 451 529 οὔ
462 475 548 545 μόνον
561 476 611 543 τήν
623 479 652 530 ἐκ
664 475 721 538 τοῖς
735 469 877 548 ὀνόμασιν,

107 553 177 610 ἀλλά
192 556 239 612 καί
256 557 305 624 τήν
322 561 351 614 ἐν
370 561 428 621 τοῖς
448 560 614 633 πράγμασιν.
644 554 698 613 ἔστι
711 559 765 633 γάρ
778 580 818 625 τις
830 556 877 616 καί

107 641 282 715 πραγματικὴ
296 642 448 714 σαφήνεια,
478 639 512 698 οὗ
531 647 640 710 πολλοῖς
652 643 794 718 γνώριμος.
814 665 876 700 τεκ-

105 724 241 802 μαίρομαι
259 724 304 798 δὲ,
339 722 381 782 ὅτι
398 729 446 795 τής
462 727 512 798 μὲν
532 725 705 784 Θουκυδίδου
724 730 811 792 λέξεως
830 726 878 785 καί

106 812 326 885 Δημοσθένους,
358 808 386 868 οἳ
418 810 567 868 δεινότατοι
593 814 740 887 πράγματα
764 815 875 876 ίξειπείκ

106 895 239 965 ἐγένοντο,
269 895 357 952 πολλά
373 895 536 953 δυσείκαστά
551 901 624 954 ἐστιν
638 892 701 966 ήμῖν
715 892 760 951 καί
769 892 875 970 ἀσαφῆ,

105 975 151 1035 καί
180 978 293 1050 δεόμενα
320 983 463 1054 ἐξηγητοῦ·
489 977 506 1050 ή
528 981 556 1036 δὲ
574 982 684 1038 Λυσίου
704 981 769 1045 λέξις
780 974 877 1036 άπασά

104 1065 160 1120 ἐστι
176 1066 283 1138 φανερά
297 1062 342 1120 καί
352 1065 442 1137 σαφής
456 1065 501 1121 καὶ
515 1065 551 1138 τῷ
566 1067 640 1122 πάνυ
652 1065 744 1139 πάρῤω
759 1063 877 1120 δοκοῦν-

104 1166 129 1202 τι
159 1151 306 1205 πολιτικῶν
332 1149 484 1221 ἀφεστάναι
510 1152 604 1224 λόγων.
634 1147 681 1206 καὶ
711 1146 735 1204 εἰ
764 1148 814 1220 μίν
841 1143 876 1204 δι’

103 1227 252 1291 ἀσθένειαν
268 1233 403 1307 δυνάμεως
417 1235 518 1307 ἐγίνετο
533 1238 564 1291 τδ
573 1235 664 1307 σαφὲς,
689 1229 739 1289 οῦκ
751 1229 827 1296 ἀξιον
840 1220 874 1301 ἦν

101 1310 172 1374 αδτό
186 1313 316 1392 ἀγαπᾷν·
344 1321 393 1372 νῦν
409 1317 467 1374 δίδ
484 1321 608 1383 πλοῦτος·
618 1322 671 1374 τῶν
690 1321 791 1391 κυρίων
806 1315 872 1374 ὄνο-

100 1402 196 1473 μάταιν
228 1406 256 1457 ἐκ
279 1405 378 1470 πολλῆς
403 1398 477 1476 αῦτῷ
496 1404 653 1478 περιουσίας
676 1399 873 1459 ἀποδείκνυται

100 1483 203 1556 ταῦτήν
216 1487 266 1554 τήν
277 1484 382 1562 ἀρετήν.
412 1484 478 1544 ὥστε
496 1489 545 1557 τήν
563 1490 713 1560 σαφήνειαν
726 1483 812 1544 αὐτοῦ
826 1489 874 1556 ζη-

101 1571 168 1626 λοῦν
194 1565 283 1636 ἀξιον·
307 1571 356 1628 καὶ
381 1573 435 1642 μήν
462 1574 493 1628 τό
515 1594 545 1647 γε
569 1575 689 1648 βραχέως
705 1575 826 1646 ἐκφέρειν
840 1572 873 1627 τά

102 1655 229 1726 νοήματα
246 1657 315 1728 μετά
328 1657 378 1712 τοῦ
397 1660 515 1727 σαφοῦς,
543 1660 661 1726 χαλεποῦ
682 1659 732 1712 τοῦ
746 1658 874 1730 πράγμα·

93 1760 146 1803 ,τος
159 1739 241 1805 ὄντος
253 1741 343 1813 φῦσει,
370 1743 422 1796 τοῦ
436 1747 601 1814 συναγαγεῖν
615 1738 699 1816 άμφσι
710 1744 809 1807 ταῦτα,
828 1741 874 1797 καί

102 1826 217 1898 κεράσαι
229 1828 356 1903 μετρίως·
370 1813 389 1900 ᾗ
402 1828 519 1898 μάλιστα
534 1823 646 1892 σῦδενδς
658 1813 740 1894 ήττον
753 1829 806 1881 τῶν
820 1822 872 1879 άλ-

99 1910 150 1966 ίων
169 1906 368 1967 ἀποδείκνυται
392 1913 499 1975 Λυσίας
520 1912 666 1985 χρώμενος·
699 1906 766 1966 ὥστε
794 1904 873 1965 οὐδὲν

99 1996 154 2059 τοῖς
174 1995 222 2052 διά
237 1998 327 2071 χειρὸς
348 1993 440 2065 ἔχουσι
456 1997 505 2051 τὸν
523 1993 624 2070 άνδρα,
655 1990 717 2050 οῦτε
736 1991 874 2067 άκυροίο-

98 2078 174 2154 γίας,
204 2075 267 2135 οῦτε
282 2077 419 2156 ,ἀσαφείας
437 2080 519 2145 δόξαν
532 2080 637 2153 λαβεῖν,
672 2077 774 2134 τοῦτου
788 2078 818 2134 δι’
832 2080 873 2134 αί-
929 2083 932 2089 ’

99 2182 164 2232 τιον,
193 2158 237 2220 ὅτι
251 2161 284 2220 οῦ
298 2168 354 2230 τοῖς
381 2160 497 2238 ὀνόμασι
524 2164 645 2222 δουλεῦει
670 2165 705 2217 τά
726 2163 872 2237 πράγματα

98 2244 165 2322 παρ’
173 2242 258 2322 αῦτῷ,
285 2252 342 2317 τοῖς
360 2250 389 2304 δὲ
414 2252 572 2325 πράγμασιν
591 2247 742 2304 άκολουθεῖ
755 2251 789 2303 τά
805 2246 870 2305 ἀνά-ἶ

97 2351 180 2405 ματα.
207 2335 256 2393 τδν
282 2333 312 2390 δὲ
338 2335 441 2406 κόσμον
468 2331 517 2391 οὐκ
543 2334 621 2407 ἐντῷ
644 2332 810 2391 διαλλάττειν
823 2337 868 2391 τὸν

97 2408 218 2487 ἲδιίιτην,
244 2413 302 2475 ἀλλ’
321 2422 350 2476 ἐν
367 2419 404 2492 τῷ
420 2422 575 2495 μιμείσθαι,
601 2419 743 2492 λαμβάνει.

158 2507 187 2560 5.
215 2501 276 2561 Καί
303 2499 360 2560 σῦκ’
379 2502 423 2560 ἐπὶ
449 2505 499 2577 μὲν
518 2509 565 2576 τής
598 2505 737 2579 ἑρμηνείας
765 2506 868 2565 τιοῦτάΙ

95 2586 182 2658 ίοτιν,
208 2589 237 2643 ίν
255 2584 289 2646 δδ
308 2592 367 2654 τοῦς
388 2589 544 2666 πράγμασιν
562 2584 676 2664 άκαιρδς
694 2609 733 2653 τις
751 2586 798 2645 καί
811 2609 868 2659 μα·

128 2670 244 2722 Usum·
257 2672 293 2722 Τ.
302 2667 337 2722 V·
638 2673 663 2732 Q
