1950 2954
101 163 160 223 ,ιεο
213 161 375 213 πιοοεειι
391 159 741 213 πειτοεπσεοοσπειο

189 270 192 275 “
227 268 231 273 ’
457 261 533 324 VllL

238 369 281 415 De
304 366 433 416 Oratione
453 366 597 432 Figuram
616 374 698 414 tract.
722 381 744 415 ι.

175 430 285 509 Ἀγῶνος
304 437 549 539 έσχηματισμένους
572 437 749 493 παντόπασιν
762 453 796 490 ου
816 454 875 505 φα-

110 541 151 577 σιν
166 513 237 591 εἷναί
259 526 340 585 τινες,
368 515 436 576 dna·
454 524 521 596 μέρη
537 521 586 592 μέν
605 514 714 593 σἰγόινοιν
729 522 876 591 damuati-

98 611 178 661 ,σόαι
197 607 426 678 συνομολογοῦσι·
459 607 489 660 τό
511 603 543 677 1όέ
572 600 635 670 ὅλας
664 603 811 667 ὑποθέσεις
829 601 876 660 όια

108 687 209 743 τούτου
223 691 271 744 τοῖν
291 690 393 764 τρόπου
420 690 471 744 τῶν
497 691 582 763 λόγων
607 690 797 763 περαίνεσθαι,
825 684 877 758 οὐχ

107 767 203 829 υἷόντ’
230 775 301 829 ειναι
313 793 390 844 φασι
416 795 454 844 μη
466 796 520 848 γαρ
541 767 697 830 όυνατόν
673 794 750 840 τιναι
775 772 814 844 μη
826 788 876 827 σοι·

108 860 164 931 φῶς
182 852 332 921 όιιοόοντας
357 857 433 922 τούς
427 853 633 960 ἀκροωμένους
660 859 788 920 συνιέναι,
815 855 878 928 περὶ

109 931 176 998 οὗό
197 944 305 1046 λόγος
292 942 377 999 εσιλν
404 937 467 997 οότε
494 943 558 1005 τούς
578 943 709 1006 παλαιοὺς
726 942 878 1015 κεχρῆσθαι

109 1026 145 1098 τῷ
158 1025 271 1100 τοιούτῳ
296 1027 407 1082 εἶ’όει”
372 1048 424 1082 των
437 1028 521 1098 λόγων
535 1027 644 1083 καὶτῶν
659 1024 778 1100 ἀγόνων.
802 1019 878 1096 ἡμεῖς

67 1129 70 1133 ·
110 1081 146 1181 όέ,
175 1111 223 1166 καὶ
236 1107 297 1167 ὅσοι
317 1112 415 1181 τρόποι
433 1113 486 1166 τῶν
504 1104 773 1214 ἐσγημαιιομένοιν’
754 1109 877 1184 αγῶνοιν,

109 1196 263 1267 φράσομεν,
290 1195 336 1250 καὶ
350 1199 394 1263 τῆς
405 1197 611 1267 μεταγειρήσεως
623 1191 709 1265 αὐτόν
723 1195 772 1263 τόν
785 1194 876 1264 μέθυ·

109 1278 156 1333 όον
170 1279 328 1348 όηλώοομεν,
354 1275 453 1341 αὐτοὺς
468 1281 529 1342 τούς
543 1280 688 1346 παλαιοὺς,
717 1273 765 1342 οὓς
777 1297 813 1334 ον
824 1299 875 1350 φα·

109 1365 136 1418 οἱ
154 1383 221 1427 τινες
246 1366 396 1437 κεχρῆσθαι
422 1363 459 1436 τῷ
484 1366 573 1438 τρόπῳ
599 1366 653 1419 τῶν
678 1365 778 1437 λόγων,
802 1381 875 1436 μορ·

109 1449 260 1523 τυρόμενοι.

173 1536 200 1587 2.
216 1527 291 1587 Ἔστι
317 1532 372 1604 γόρ
396 1533 448 1588 τῶν
473 1532 645 1604 καλουμένων
658 1533 801 1602 ογημόιοιν
818 1528 875 1597 εἴόο

110 1613 187 1686 τρλα·
213 1615 243 1670 τό
265 1617 314 1684 μέν
332 1619 388 1670 ε’στι
408 1619 496 1687 σχῆμα
516 1619 592 1688 λέγον
610 1617 673 1689 μέν,
700 1610 718 1670 ό
738 1615 874 1686 βούλεται,

111 1698 238 1767 όεόμενον
252 1694 274 1751 ό’
289 1694 461 1772 εὐπρεπείας,
487 1695 504 1767 ἢ
520 1695 556 1755 δι’
577 1695 689 1762 όξίωσιν
702 1701 754 1756 τῶν
767 1698 875 1772 προσό-

109 1802 174 1846 πονν,
204 1785 271 1856 πρός
283 1779 330 1846 σός
343 1783 358 1838 ό
371 1784 462 1857 λόγος,
489 1780 506 1851 ἢ
520 1780 553 1839 δι’
568 1778 719 1855 οἷσφόλειαν
734 1786 801 1856 πρὸς
815 1783 876 1846 τούς

111 1863 269 1931 όκοόονιας.
297 1868 342 1923 καὶ
361 1869 445 1942 τούτῳ
463 1870 512 1937 μέν
526 1868 562 1942 τρῖ
581 1869 644 1923 εἴόει
658 1865 709 1925 οόιι
724 1863 876 1941 όιντιλέγου·

111 1972 154 2008 σιν
168 1949 194 2008 οἶ
209 1952 355 2028 ῥητορικαὶ,
369 1947 436 2011 οἷλλό
449 1954 577 2009 καλοῦσιν
590 1948 657 2008 αότό
673 1955 784 2027 Χρῶμα.
808 1951 871 2016 ιοιλς

109 2038 161 2112 γόρ
186 2032 375 2112 εὐπροσώπους
403 2040 505 2112 λόγους,
526 2033 582 2097 ,ουίι
603 2032 678 2103 οἶόα,
706 2037 815 2093 ὁπόθεν
827 2034 877 2111 όρα

110 2125 255 2192 μαθόντες,
275 2118 367 2186 οὕτως
389 2119 583 2194 όνομόζουσιν,
610 2116 677 2177 ὅταν
696 2117 794 2195 ἣπρός
819 2140 868 2183 πα·

110 2206 186 2280 τρέιλα
204 2228 240 2271 τις
257 2207 418 2280 διαλέγηται,
432 2203 449 2276 ἢ
463 2211 528 2282 πρός
542 2201 662 2279 ἀριστέα,
685 2201 703 2274 ἢ
717 2208 785 2278 πρός
796 2225 876 2278 στρα-

109 2295 200 2364 τηγόν,
228 2288 245 2359 ἢ
265 2294 331 2365 πρὸς
356 2287 441 2365 ἀρχὴν
467 2312 535 2356 τινα,
562 2287 579 2359 ἢ
606 2292 673 2364 πρός
692 2286 757 2358 ὅλην
782 2290 877 2346 πόλιν.
916 2364 919 2369 .

110 2377 140 2428 τό
169 2375 196 2431 όὲ
222 2396 247 2429 τι
270 2377 357 2447 σχῆμό
388 2381 443 2432 ἐστι
469 2377 585 2451 πλαγίως
613 2372 689 2450 ἕτερα
715 2375 764 2442 μέν
790 2375 876 2448 λόγον,

111 2455 184 2529 έτερα
212 2454 241 2513 δ’
274 2460 450 2535 ἐργαζόμενον
481 2465 509 2515 ἐν
535 2461 632 2534 λόγοις.
671 2459 762 2536 τρίτον
786 2458 877 2532 σγῆμό

105 2543 170 2606 lan,
201 2545 231 2597 τό
251 2537 290 2608 οἷς
306 2547 376 2619 λέγει
391 2548 422 2600 τό
436 2546 544 2600 έναντέα
565 2547 725 2622 πραχθῆναι
745 2561 875 2621 πραγμσ·

91 2624 251 2695 πενόμενον.
