1950 2954
183 185 231 234 DE
250 183 404 257 TIIVCYD·
422 184 562 237 HISTOR.
579 184 753 238 IVDICIVM.
831 190 865 246 93

94 293 265 365 χαρακτῆρα,
294 286 340 346 καί
359 292 567 364 παρεωραμένον
581 284 681 355 ἅπασι,
710 292 814 365 πρῶτος
827 289 864 355 είς

98 376 146 443 τῆν
160 372 299 448 ἱστορικὴν
311 374 499 449 πραγματείαν
512 372 682 432 λσποίδασεν
695 371 862 449 εἰσαγαγεῖν·

98 456 144 514 έπί
155 459 203 529 μέν
216 462 262 527 τῆς
280 461 392 533 ἐκλογῆς
417 459 470 515 τῶν
497 454 639 531 δνσμοίτων
652 460 701 528 τήν
723 461 865 533 τροπικὴν,

97 541 145 597 καλ
158 544 385 616 γλωττηματικήν,
408 541 453 599 καί
467 539 703 618 ἀπηρχαιωμένην,
728 542 776 598 καί
789 544 864 612 ξένην

95 628 163 689 λέξιν
177 628 357 700 προελόμενος
381 623 442 682 ἀντὶ
460 628 506 694 τῆς
532 630 623 697 κοινῆς
649 627 697 684 καί
722 628 864 696 συνήθους

95 713 152 773 τοῖς
167 705 225 765 κατ’
241 705 325 765 αδτδν
351 708 523 782 ἀνθρώποις·
549 711 595 766 έτιί
609 711 638 767 δί
650 715 697 782 τῆς
710 714 863 775 συνθέσεως

95 796 147 847 τῶν
161 788 183 847 τ’
198 794 346 849 ἐλαττόνων
371 791 417 848 καί
443 794 496 848 τῶν
521 798 648 867 μειζόνων
673 791 787 869 μορίων,
814 797 864 864 τήν

97 875 285 948 ἀξιωματικήν,
298 876 344 933 καί
358 871 514 953 αίστηράν,
526 877 573 933 καί
586 881 727 953 στιβαρὰν,
754 877 800 934 καί
811 881 863 952 βε-

94 963 228 1033 βηκυῖαν,
256 961 303 1017 καί
321 960 511 1036 τραχύνουσαν
536 964 597 1025 ταῖς
621 963 674 1017 τῶν
699 963 864 1038 γραμμάτων

95 1042 265 1111 ἀντιτυπίαις
276 1048 324 1109 τοὶς
338 1043 430 1111 ἀκοιίς,
446 1041 507 1102 ἀντί
520 1047 567 1115 τῆς
580 1047 698 1120 λιγυρᾶς,
712 1044 760 1100 καὶ
771 1050 863 1117 μαλα-

95 1133 150 1196 κῆς,
179 1129 225 1185 καί
239 1132 431 1202 συνεξεσμένης,
445 1127 493 1184 καί
506 1130 590 1202 μηδέν
614 1129 726 1200 ίγοίισης
751 1126 862 1184 ἀντίτυ-

95 1233 163 1268 πον·
182 1211 227 1269 eni
240 1212 270 1268 δί
280 1215 332 1269 τῶν
345 1215 546 1286 σχηματισμῶν,
560 1216 589 1270 ίν
602 1206 643 1278 οἷς
653 1215 771 1286 μάλιστα
783 1214 862 1285 ἐρίου·

98 1298 169 1366 λήθη
186 1296 318 1372 διενέγκαι
330 1300 383 1354 τῶν
396 1300 449 1372 πρὸ
463 1295 560 1370 αδτοίι,
576 1300 702 1368 πλείστην
715 1294 864 1370 είσενεγκοί·

95 1401 174 1454 μενος
187 1380 318 1452 σπουδήν,
345 1382 473 1438 διετέλεσέ
498 1383 529 1457 γε’
542 1402 585 1440 τοι
599 1385 647 1439 τόν
672 1388 862 1440 ίπτακσιεικο·

95 1469 177 1536 σαετῆ
188 1467 289 1539 χρόνον
315 1468 363 1524 τοίν
378 1469 499 1538 πολέμου
524 1463 581 1522 ἀπὸ
604 1470 649 1538 τῆς
663 1464 744 1540 ἀρχῆς
757 1465 804 1530 ἕως
818 1470 862 1536 τῆς

95 1553 229 1622 τελευτῆς,
255 1554 304 1617 τάς
329 1548 398 1607 διιτοι
423 1551 545 1626 βίβλους,
571 1546 699 1622 ἀςμόνας
712 1553 859 1616 κατέλιπεν,

95 1637 215 1710 στρέφων
234 1631 292 1692 ἀνω
318 1636 365 1693 καί
390 1636 474 1704 κείτω,
500 1634 546 1693 καί
561 1631 627 1693 καθ’
641 1633 669 1692 ἓν
682 1634 796 1692 ἕκαστον
809 1636 861 1690 τῶν

95 1721 140 1819 τῆς
155 1722 277 1791 φράσεως
292 1723 395 1793 μορίων
415 1722 495 1794 ῥινῶν
520 1721 568 1777 καί
592 1720 726 1794 τορεύων·
743 1720 788 1776 καί
802 1719 861 1775 τοτὲ

95 1802 144 1871 μὲν
171 1804 252 1873 λόγον
273 1807 299 1866 εξ
324 1799 457 1874 ὀνόματος
482 1806 575 1869 ποιῶν,
604 1799 709 1858 τοτίδ’
723 1803 789 1868 είς
772 1823 861 1874 ονομα

96 1886 220 1955 συνάγων
234 1887 281 1939 τὸν
296 1885 388 1958 λόγον·
408 1883 456 1938 καί
469 1886 518 1939 ν’ῦν
531 1888 580 1957 μέν
593 1888 625 1940 τὸ
638 1884 816 1961 ρηματικδν’
800 1906 860 1941 ονο

96 1971 231 2043 μαστικῶς
244 1967 373 2040 εκφέρων,
389 1954 474 2030 αίιθις
488 1967 517 2022 δέ
541 1963 663 2040 τοῦνομα
681 1972 755 2043 ῥῆμα
768 1970 861 2040 ποιῶν,

96 2054 143 2110 καί
157 2048 245 2108 αὐτῶν
258 2072 288 2125 γε
302 2051 404 2106 τοίτων
431 2047 604 2125 ἀναστρέφων
618 2054 665 2113 τιίς
688 2053 802 2124 χρήσεις,
816 2051 862 2106 ἵνα

97 2141 128 2193 τί
143 2137 192 2209 μὲν
218 2133 400 2208 δνομαστικὸν
425 2136 626 2210 προσηγορικὸν
652 2136 773 2208 γένηται,
789 2137 819 2189 τὸ
834 2134 862 2189 δέ

97 2223 299 2296 προσηγορικὸν
325 2216 507 2288 ὀνομαστικῶς
530 2220 655 2294 λέγηται·
684 2217 730 2275 καί
756 2219 790 2273 τοί
814 2219 862 2288 μὲν

97 2308 241 2374 παθητικαί
269 2307 390 2380 ῥήματα,
420 2303 583 2379 δραστήρια,
610 2305 643 2358 ταί
659 2302 686 2358 δέ
703 2300 860 2375 δραστήρια,

98 2392 258 2458 παθητικαί·
281 2389 473 2458 πληθυντικῶν
490 2408 517 2442 τε
532 2385 578 2442 καί
591 2388 685 2444 ἑνικῶν
698 2387 862 2442 ίναλλάττων

98 2475 145 2538 τάς
171 2472 277 2575 φδσεις;
300 2470 390 2530 καλ’
372 2473 589 2548 αντικατηγορῶν
612 2472 698 2529 ταῦτα
728 2467 861 2540 ἀλλήλων
938 2544 941 2549 ι

97 2551 275 2627 θηλυκοίτΗ
257 2559 422 2662 αρστνικοῖς,
447 2555 494 2612 και
507 2554 632 2632 ἀρσενικα
626 2558 790 2657 θηλυκοῖς,
817 2554 862 2609 καί

97 2637 226 2717 οὐδέτεροι
239 2640 342 2697 τοὺτων
356 2641 411 2697 τισί
426 2642 580 2713 συνάπτων,
606 2626 666 2704 II
645 2663 682 2697 ων
695 2635 801 2710 Im&
814 2660 867 2706 ερο-
