1950 2954
107 191 143 248 24
222 186 384 238 DIONYSII
403 185 752 239 HALICARNASSENSIS

107 312 155 348 νον
168 292 271 363 πέφυκε
283 297 369 362 καλην
385 291 429 348 καί
455 285 549 360 ἡδεῖαν
572 292 711 365 λήψεσθαι
730 294 874 369 συζυγίαν·

107 375 196 450 ἕτερον
211 377 247 443 δι’,
265 379 366 448 γνῶναι
380 378 431 431 τῶν
443 372 632 451 ἁρμόττεσθαι
642 377 793 450 μελλόντων
805 382 875 454 πρός

107 456 221 530 ἄλληλα,
245 463 311 527 πῶς’
325 456 359 516 όίν
386 457 498 516 ἕκαστον
524 462 710 532 σχηματισθὲν
733 464 873 536 κρείττονα

107 548 260 616 φαίνεσθαι
274 545 394 613 ποιήσειε
413 546 462 613 την
476 540 636 619 όιρμονίαν·Ι
648 547 739 621 τρίτον
755 541 796 617 δ’,
811 549 839 603 εῖ
848 569 874 604 τι

109 630 195 685 δεῖται
207 632 372 701 μετασκευῆς
385 632 436 685 τῶν
456 631 682 702 λαμβανομένων,
702 628 876 738 μσαιρίσεως

108 715 173 785 λε”γω
187 734 233 770 και
224 714 408 816 προσθήκης
420 734 466 769 και
456 710 649 782 οῖλλσιώσεισς,
661 716 766 819 γνιῖιναί
777 717 806 771 ιε’
819 737 876 782 ποις

107 799 155 856 καῖ
169 798 236 872 πρὸς
249 800 297 868 την
310 801 498 872 μὲλλουσανχ
480 798 573 871 χρείαν
599 796 707 863 οἰκείως
725 803 738 854 ἐ
738 801 874 903 ξεργόσα-

108 887 187 941 σθαι.
213 903 240 937 τι
234 883 282 938 δε
296 903 398 941 τουτων
411 902 523 939 εκαστον
550 880 680 952 δίιιαται,
707 885 874 987 σαφίστερρν

106 970 165 1043 ἐρῶ,
176 970 344 1041 χρησάμενος
363 965 448 1023 εἰκόσι
460 968 512 1022 τῶν
526 966 725 1042 δημιουργικῶν
736 989 764 1023 τε
777 971 874 1047 τεχνῶν

106 1072 185 1125 τισιν,
213 1073 246 1114 ας
270 1049 387 1115 ἅπαντες
413 1053 519 1108 ἴσασιν·
545 1048 707 1129 σῖκοδομικῇ
732 1053 798 1123 λέγω
824 1052 873 1110 καῖ

107 1137 271 1209 ναυπηγικῇ,
297 1138 342 1192 καὶ
357 1139 416 1198 ταῖς
427 1130 670 1235 παραπλησίαις.
652 1158 710 1192 οτε
723 1159 776 1210 γαρ
791 1134 871 1194 οίκσ-
902 1143 905 1148 ⁴

108 1219 218 1293 δόμος“
202 1240 269 1275 οταν
280 1222 425 1323 πορίσηται
447 1240 494 1287 την
508 1213 592 1289 υλην,
601 1207 656 1284 ἐξ
641 1242 671 1287 ης
682 1222 769 1292 μέλλει
781 1243 871 1277 κατα-

106 1305 287 1369 σκευάζειν
256 1325 305 1372 την
325 1301 432 1374 οὶκίαν,
462 1304 568 1370 λίθους,
584 1326 630 1359 και
620 1303 716 1370 ξύλα,
731 1305 776 1361 καί
792 1308 872 1378 κέρα-

105 1409 166 1460 μον,
179 1409 225 1443 και
217 1385 325 1445 πόλλα
339 1391 443 1456 πάντα,
472 1387 635 1458 συντίθησιν
661 1395 689 1445 ἐκ
702 1389 804 1444 τούτων
817 1386 872 1461 ηδη

105 1474 136 1527 τό
150 1473 243 1546 ἔργον,
269 1473 332 1546 τρία
346 1473 432 1529 ταῦτα
459 1475 720 1545 πραγματευόμενος,
748 1475 817 1548 ποίῳ
831 1475 873 1531 δεῖ

104 1559 175 1630 λίθῳ
188 1576 215 1611 τε
229 1556 274 1612 καί
288 1555 356 1629 ξόλογ
370 1556 415 1613 καὶ
429 1556 536 1630 πλίνθῳ
550 1560 632 1612 ποῖον
645 1555 763 1633 ἁρμόσαι
778 1560 871 1626 λίθον,

104 1639 224 1707 ἢξίλον,
239 1639 256 1710 ἢ
270 1642 403 1698 πλίνθον·
418 1639 524 1712 ἔπειτα,
551 1642 606 1704 πῶς
621 1644 671 1697 τῶν
684 1639 871 1719 ἁρμοζομένων

104 1726 218 1782 ἕκαστον
231 1723 277 1781 καί
290 1725 335 1782 ίπί
348 1727 430 1790 ποίας
439 1726 553 1802 πλευροῖς
566 1724 696 1799 λδρᾶσαιῑ
710 1727 757 1783 καί
770 1727 869 1802 τρίτον,

104 1812 166 1867 εἴτι
180 1808 309 1886 δύσεδρόν
327 1813 414 1880 ἐστιν,
441 1807 629 1913 ἀποκροῦσαι
639 1810 686 1867 καλ
711 1813 868 1887 περικόψαι,

103 1915 149 1950 κυιι
140 1889 231 1950 συιδ
246 1914 325 1952 τουτο
338 1888 448 1970 εὔεδρον
461 1897 585 1965 ποιῆσαι.
612 1889 629 1949 ὅ
643 1915 670 1949 τε
684 1898 823 1967 ναυπηγός
836 1898 869 1950 τό

103 1974 174 2034 αὗταί
196 1999 283 2034 ταυτα
308 1978 525 2052 πραγματείιιται
540 1978 581 2047 όη.
582 1980 784 2079 παραπλήσιά
798 2000 869 2052 φημι

105 2064 162 2119 δεῖν
173 2067 262 2119 ποιεῖν
276 2063 321 2119 καί
336 2065 398 2131 τοὺς
409 2065 552 2135 μέλλοντας
564 2083 595 2117 ευ
610 2063 758 2128 συνθήσειν
772 2065 806 2117 τά
820 2084 870 2119 του

104 2151 187 2222 λόγου
199 2151 292 2250 μόρια.
306 2151 414 2222 πρῶτον
432 2148 481 2222 μὲν
494 2150 619 2212 σκοπεῖν,
647 2149 727 2202 ποῖον
741 2146 838 2219 ὄνομα,
853 2171 869 2217 η

104 2232 212 2305 ῥῆμα,’
201 2255 218 2299 η
212 2230 283 2287 τῶν
297 2226 383 2288 ἄλλων
397 2253 423 2288 τι
435 2232 543 2307 μορίοιν,
557 2233 627 2303 ποίῳ
639 2235 794 2300 συνταχθὲν
806 2236 869 2287 ἐπι-

104 2315 300 2384 τηδείωςὲσται
319 2318 453 2388 κείμενον,
481 2310 657 2379 καίπῶςοιῖκ
683 2311 810 2388 ἄμεινον·
836 2311 870 2371 οδ

104 2401 156 2472 γιὶρ
170 2399 203 2467 δὴ
216 2400 306 2455 πόνια
319 2420 349 2472 γε
360 2403 428 2472 μειιὶ
443 2402 550 2456 πάντων
564 2399 692 2471 τιθέμενα
706 2400 804 2473 ὁμοίοις
817 2399 868 2456 πί-

105 2503 189 2553 φυκεν
204 2483 357 2541 διατιθέναι
368 2487 415 2546 τός
428 2481 525 2548 υἷκοός·
539 2483 630 2539 ἔπειτα
645 2484 799 2555 διακρίνειν,
816 2485 869 2548 πῶς

104 2570 289 2638 σχηματισθὲν
301 2563 438 2640 τοῦνομα,
464 2565 483 2639 ἢ
508 2571 540 2624 τό
565 2571 647 2642 ῥῆμα,
673 2565 756 2635 ἢτῶν
782 2564 869 2625 ἄλλων

91 2651 257 2718 ὁτιδήποτε,
280 2655 458 2728 γσριέστερον
471 2651 682 2730 ῖδρυνθὴσειαι·
696 2652 742 2709 καί
756 2655 822 2729 πρός
836 2653 870 2708 τό
