1950 2954
130 128 180 186 242
249 122 412 175 DIONYSII
430 116 782 173 HALICARNASSENSIS

129 235 205 306 κρδς·
236 232 437 304 συνέστραπται
464 225 509 300 δέ,
540 226 568 283 εί
595 246 635 290 τις
659 223 707 282 καὶ
731 218 811 289 ἄλλος
817 264 828 296 ,
854 220 900 280 καλ

131 316 301 372 πεαίνκνωται
325 316 382 377 τοῖς
408 310 537 383 νοήμασι.
570 307 767 367 καίτοσοδτου
792 306 883 362 δετ
846 327 900 362 των

131 399 179 457 οὔκ
205 397 360 474 αναγκαίοιν
387 419 412 452 τι
443 389 590 468 λέγειν,
569 414 634 451 ωστε
659 393 706 453 καί
732 394 820 449 πολλοὶ
847 393 900 446 τῶν

129 487 267 559 χρησίμων
281 479 316 537 ίίν
344 481 424 544 δόξειε
438 480 613 555 παραλιπεῖν·
640 474 673 534 οὗ
692 500 732 551 μα
724 472 792 535 Δί’
813 473 898 532 αοθε

131 571 188 640 νείᾳ
222 565 344 640 εὑρέσεως
377 559 445 620 αδτί
475 565 561 619 ποιῶν
574 603 582 631 ,
620 561 688 620 αλλαΙ
719 564 863 635 συμμετρί,
858 581 899 615 m

131 672 179 709 του
190 651 304 722 χρόνον,
331 641 440 720 nobe*
424 668 456 703 ον
479 645 531 704 ἔδει
556 649 687 720 γενέσθαι
704 646 769 710 τούς
794 646 899 718 λόγους.

130 734 230 810 βραχύς
242 755 271 808 γε
283 733 338 806 μήν
349 727 433 799 οὕτως
439 774 450 801 ,
466 730 501 797 ὥς
513 735 563 804 μὲν
573 728 674 808 ἰδιώτῃ,
697 731 814 799 δηλῶσαι
827 730 899 803 βου-

130 821 232 893 λομένῳ
255 820 288 874 τοί
317 818 486 893 πράγματα,
517 813 662 890 ἀποχρῶν,
702 814 736 880 ὧς
768 815 796 870 δέ
823 817 901 892 ῥήτο-

76 974 80 979 Ι
131 924 178 979 ρν,
211 903 370 980 περιουσίαν
399 901 534 973 δυνάμεως
566 899 737 963 ἐνδείξασθαι
768 903 901 970 ζητοῦντι,

132 985 181 1055 οὐχ
203 986 302 1052 ἱκανός.
333 987 464 1059 μιμητέον
491 985 519 1041 δέ
545 983 592 1041 καὶ
616 986 663 1052 τήν
680 983 839 1058 βραχυτητα
852 1005 901 1055 την

131 1075 254 1129 Λυσίου·
285 1073 445 1147 μετριωτέρα
470 1072 524 1144 γοίρ
551 1065 599 1125 οὔκ
627 1066 661 1123 ἂν
690 1067 816 1143 εὑρεθείη
835 1064 900 1158 παρ’

131 1159 242 1231 ἑτέρῳ*
226 1155 330 1231 ρήτορι.

192 1239 220 1301 6,
247 1239 330 1296 Maro}
348 1236 451 1300 ταδτας
467 1233 564 1310 ἀρετήν
582 1236 695 1312 εὑρίσκω
713 1239 788 1311 παρὰ
808 1241 901 1312 Λυσία

132 1325 206 1379 πάνυ
218 1323 399 1396 θαυμαστήν,
428 1306 459 1388 ής
474 1323 648 1392 Θεόφραστος
660 1323 709 1394 μέν
721 1342 806 1393 φησιν
820 1317 901 1428 αρξρι
918 1315 921 1321 ’

135 1407 331 1509 Θρασίμαγον,
350 1401 497 1504 ἐμοί’
483 1426 603 1478 ηγουμαι
626 1406 751 1463 Λυσίαν·
782 1407 831 1463 καὶ
848 1409 902 1483 γτὶρ

133 1494 189 1555 τοῖς
205 1495 319 1629 γρόνοιςέ
330 1510 409 1551 ουτος
428 1490 532 1544 ἐκείνου
552 1492 672 1564 προέχειν
696 1489 798 1594 ἔμοιγε
813 1490 901 1549 δοκεῖ·

131 1571 278 1649 λέγωδ’
260 1595 294 1636 (σς
307 1570 423 1646 ἐνακμή
436 1573 514 1647 κοινῇ
540 1575 606 1647 βίου
618 1579 765 1647 γενομένων
779 1573 900 1677 ἀμφοῖν·

132 1657 186 1723 καὶ,
213 1655 236 1714 εἶ
249 1659 286 1730 μή
300 1658 382 1713 τοῦτο
398 1656 511 1727 δοθείη,
539 1659 570 1713 τό
583 1663 614 1732 γε’
627 1680 670 1715 τοι
683 1657 744 1732 περὶ
757 1660 820 1725 τοὺς
835 1659 901 1731 ἄλη-

131 1740 261 1806 θιυοδς’
243 1745 349 1816 αγῶνας
367 1741 470 1798 ἐκείνου
487 1742 590 1814 μαλλον
603 1745 760 1845 τετρῖφθαι.
787 1739 821 1800 οδ
834 1747 900 1818 μέν·

133 1847 175 1883 τοι
195 1826 410 1900 διαβεβαιοῦμαί
431 1847 476 1898 γε,
504 1825 633 1901 οπότερος
659 1814 765 1899 ηρξε
734 1849 779 1897 της
806 1826 908 1901 αρετῆς
933 1838 935 1842 “

133 1912 232 1981 ταύτης
256 1913 325 1966 κατὰ
342 1913 373 1967 τὸ
399 1913 501 1985 παρόν
526 1906 588 1966 οἷλλ
615 1908 657 1967 ὅτι
677 1913 784 1976 Λυσίας
799 1915 901 1985 μαλλον

133 2000 161 2052 ἐν
174 1993 242 2071 αὕτη
231 1995 389 2069 διήνεγκε,
413 2014 496 2051 τουτο
511 1991 663 2070 θαῤῥῶν”
644 2017 678 2051 αν
691 1993 900 2069 ἀποφηναίμην.

133 2082 173 2144 τίς
187 2076 218 2136 δ’
245 2079 317 2138 ἐστίν
337 2076 371 2148 ήν
388 2101 459 2152 φημι
480 2076 594 2153 ἀρετήν,
620 2075 636 2149 ή
656 2085 848 2154 συστρέφουσα
867 2084 900 2138 τέ

133 2167 254 2239 νοήματα
274 2164 321 2221 καὶ
346 2163 514 2240 στρογγίλοις
537 2165 689 2237 ἐκφέρουσα
707 2167 785 2239 λέξις,
815 2164 900 2223 οἰκεία

132 2252 205 2304 πάνυ
219 2248 277 2306 ,καί
303 2247 439 2321 ἀναγκαία
465 2251 522 2310 τοῖς
548 2246 695 2313 δικανικοῖς
721 2252 824 2323 λόγοις,
853 2249 901 2307 καλ

130 2436 175 2480 το,
203 2420 382 2486 Δημοσθένης
409 2417 436 2473 δέ
461 2415 509 2473 καὶ
535 2415 727 2491 ὑπερεβάλετο·
752 2420 822 2490 πλήν
846 2413 898 2490 οὔχ

129 2495 213 2562 οὕτως
226 2495 342 2566 εδτελῶς,
369 2496 434 2559 οδδέ
447 2500 558 2575 ἀφελῶς,
584 2497 673 2578 ὥσπερ
686 2503 801 2572 Λυσίας,
825 2526 897 2579 χρη-

128 2581 243 2658 σάμενος
259 2579 341 2659 αδτῇ,
369 2583 436 2643 ἄλλοί
461 2590 604 2663 περιέργως
622 2586 669 2644 καί
682 2590 794 2667 πικρῶς·
825 2590 896 2659 λεγέ·
