1950 2954
147 177 195 227 DE
217 179 367 231 THVCYD.
385 180 525 231 HISTOR.
542 182 715 233 IVDICIVM.
793 190 826 244 95

59 304 119 347 των,
134 283 163 336 τδ
178 285 262 356 τραγδ
276 288 321 353 τῆς
347 284 486 358 ἁρμονίας,
511 288 541 341 τδ
568 290 647 356 τοῖχος
661 289 712 342 τῶν
725 296 825 360 σχημά-

58 387 120 423 των.
139 366 268 439 χρώματα
296 365 325 422 δ’
353 365 444 440 αὐτῆς,
471 372 502 425 τό
520 391 547 426 τε
562 374 707 443 στρυφνὸν,
735 371 779 425 καί
794 375 824 427 τί

59 452 176 513 πυκνδν,
204 451 411 523 καίτὸπικρδν,
440 453 531 510 καὶτὸ
558 451 705 530 αὐστηρὸν,
734 455 824 510 καὶτὸ

57 535 200 608 ἐμβριθὲς,
228 534 319 593 καὶτδ
345 537 449 604 δεινὸν,
476 537 523 594 καί
548 540 578 593 τδ
603 539 738 612 φοβερόν·
759 539 825 612 ὑπὲρ

57 614 166 673 ἅπαντα
183 618 311 675 δὲταῦτα
338 627 368 677 τὸ
396 625 562 690 παθητικόν.
591 622 823 697 τοιοῦτοςμὲνδή

56 704 97 766 τίς
108 703 209 757 ἐστιν’
194 723 208 758 ο
226 703 393 773 Θουκυδίδης
421 708 490 760 κατὰ
515 707 607 761 τὸν
575 727 621 775 της
634 708 722 771 λέξεως
731 728 819 808 γαρα·

56 789 179 859 κτῆρα,
165 809 185 839 ω
199 791 273 890 πριριί
287 789 349 851 τούς
363 784 459 851 ἄλλους
473 785 649 864 Otn'rtyusvf'
632 811 698 845 οταν
710 792 759 861 μὲν
773 811 823 844 ουν

54 865 114 937 ἥτε
141 872 297 973 πρραίρεσις
324 867 412 927 οὗτοι
427 872 473 927 καί
486 897 502 943 η
491 870 630 943 (δύναμις
643 873 822 946 συνεκδράμῃ,

56 955 141 1008 τέλεια
156 956 259 1026 γίνεται
274 956 475 1030 κατορθώματα
488 977 534 1010 και
525 952 734 1030 δαιμόνια·“’
717 976 784 1010 οταν
799 952 822 1009 δ’

55 1039 161 1111 ἐλλείπῃ
176 1041 206 1092 ιδ
228 1041 273 1106 τῖης
297 1038 444 1110 δυνάμεως,
470 1035 503 1096 οὗ
518 1040 733 1115 παραμείναντος
746 1041 822 1112 μέχρι

56 1124 166 1177 πάντων
195 1143 244 1177 του
229 1124 341 1177 τόνου
367 1117 412 1177 δια
426 1124 456 1178 τδ
483 1144 562 1193 ταχος
575 1145 620 1191 της
647 1123 821 1230 ἀπαγγελίας,

58 1205 167 1274 ασαφίλς
190 1227 217 1260 τε
230 1228 246 1274 η
236 1202 324 1270 λέξις
333 1208 446 1307 γίνεται,
462 1230 509 1263 και
500 1203 603 1272 ἄλλος
617 1210 690 1270 τινάς
702 1211 822 1282 ἐπιφέρει
841 1207 845 1220 “

56 1292 139 1392 κῆρας
153 1286 204 1343 οὐκ
219 1285 366 1362 εὐπρεπεῖς.
392 1293 422 1345 τὸ
435 1295 488 1364 γιίρ
502 1297 529 1346 ἐν
542 1314 560 1363 φ
547 1278 618 1346 δεῖ
629 1293 701 1364 τόπῳ
713 1313 746 1346 τα
741 1294 821 1354 ξένα

56 1371 102 1427 καί
117 1375 283 1444 πεποιημένα
308 1376 452 1445 λέγεσθαι,
480 1375 527 1431 καί
534 1377 624 1476 μέχρι
650 1377 739 1431 πόσου
755 1397 822 1448 προ-

56 1443 175 1512 ελθδντα
187 1459 354 1523 πεπαυσθαι,
383 1456 452 1515 καλοί
465 1481 511 1515 και
526 1455 662 1533 αναγκαῖα
675 1460 821 1532 θεωρήμα-

56 1563 89 1596 τα
103 1542 158 1595 ἐν
145 1562 227 1598 πασιν
251 1541 317 1598 ὄντα
341 1546 397 1605 τοῖς
423 1543 517 1619 ἔργοις,
545 1563 578 1598 ου
569 1538 639 1599 ’διαί
660 1546 748 1612 πάσης
775 1545 821 1609 τῆς

57 1626 177 1701 ἱστορίας
190 1629 325 1697 φυλάττει.

122 1710 170 1767 25.
196 1716 402 1784 Προειρημὲνων
416 1711 444 1766 δὲ
453 1712 556 1766 τούτων
569 1711 764 1784 κεφαλαιωδῶς,
777 1711 822 1766 επὶ

57 1786 106 1853 τας
120 1788 267 1855 ἀποδείξεις
286 1790 373 1847 αὐτῶν
403 1789 459 1867 οῖρα
488 1797 650 1867 τρέπεσθαι·
673 1796 821 1866 ποιήσομαι

58 1872 85 1929 δ’
105 1869 137 1928 οὔ
148 1873 228 1948 χωρίς
242 1873 307 1946 ὑπὲρ
322 1877 433 1943 ἑκάστης
446 1875 518 1938 ἰδίας
532 1880 579 1931 τὸν
594 1879 683 1949 λόγον,
699 1877 821 1932 ὑποτίτ-

55 1979 109 2013 των
122 1953 216 2022 αὐταῖς
226 1959 274 2026 την
288 1956 460 2012 Θουκυδίδου
477 1960 553 2030 λε’ξιν,
569 1957 636 2014 ἄλλοί
649 1954 718 2014 κατοί
732 1979 821 2031 περιο-

55 2044 104 2109 χάς
117 2062 190 2104 τινας
203 2040 249 2096 καὶ
263 2043 369 2105 τόπους,
384 2043 450 2114 με’ρη
464 2043 610 2113 λαμβάνων
625 2045 671 2110 τῆς
683 2061 710 2094 τε
725 2040 822 2114 διηγη-

55 2147 119 2190 σεως
145 2124 191 2180 καί
216 2127 267 2179 τῶν
293 2125 450 2199 ῥητορειῶν,
478 2123 524 2179 καί
550 2122 712 2199 παρατιθείς
726 2126 782 2188 τοῖς
795 2145 822 2180 τε

55 2212 254 2283 πραγματικοῖς
272 2206 319 2263 καὶ
337 2212 393 2271 τοῖς
415 2212 544 2270 λεκτικοῖς
570 2207 790 2283 κατορθώμασιν,
805 2204 822 2275 ἢ

55 2293 240 2367 ἁμαρτήμασι,
266 2289 313 2356 τοῖς
327 2290 424 2367 αἰτίας,
439 2288 475 2348 δι’
488 2287 520 2356 οῖς
535 2294 648 2348 τοιαῦτα
661 2296 731 2346 ἐστι·
757 2290 821 2357 δεη-

55 2378 116 2441 θείς
128 2398 178 2432 σου
192 2378 279 2444 πάλιν,
309 2376 419 2431 καὶτῶν
444 2374 530 2433 α”λλων
541 2376 749 2451 φιλολόγων,”
715 2394 807 2429 τωνν
780 2376 821 2428 ἐν·

54 2464 215 2561 τευξομένων
229 2460 262 2534 τῆ
274 2461 385 2535 γραφῆ,
400 2481 430 2515 το
422 2462 571 2533 βοίλημοί
583 2480 639 2535 μου
654 2462 699 2528 τῆς
713 2456 820 2514 ὑποθέ-

54 2567 126 2614 σεως,
146 2533 176 2612 ἧς
190 2542 356 2621 προηρημαι,
382 2548 498 2610 σκοπεῖν,
528 2540 571 2600 ὅτι
584 2545 751 2621 γαρακτηρός
764 2546 820 2598 ἐστι

55 2629 165 2696 δήλωσις
176 2671 184 2696 ,
217 2626 326 2686 ἅπαντα
351 2633 538 2705 περιειληφυῖα
566 2651 596 2686 τα
630 2628 823 2703 συμβεβηκότα
