1950 2954
117 204 152 258 80
234 196 393 248 DIONYSH
414 193 761 248 HALICARNASSENSIS

119 304 194 370 λδν,“
207 300 242 366 είς
256 303 287 358 ιδ
302 324 315 357 ν
328 303 445 376 λήγοντι,
453 303 484 357 τδ
497 300 661 368 ,,θυάενια“
674 303 881 378 παρακείμενον,

117 387 172 444 αἰτδ
188 389 235 442 τοῦ
249 392 271 444 θ
286 385 449 460 ιίργάμενον,
476 386 576 458 ὁμοίαν
592 383 761 444 άποδίδωσεν
774 384 880 444 άντιτυ-

117 474 181 529 σίαν
195 474 228 544 τῇ
234 474 373 546 πρότερον·
388 468 433 525 καί
447 470 483 543 ιηῑ
496 472 669 537 ,,θυόεντα,“
682 467 718 536 είς
730 475 843 544 φωνήιν,
852 474 883 528 τδ

120 579 152 623 α,
167 558 289 630 λήγοντι,
303 559 489 628 ίπεζευγμίνον
501 557 533 610 τό
552 549 615 622 ,,Ἔν
627 559 685 618 ταῖς
698 555 811 631 ἱεραίς,“
825 555 882 613 άπδ

118 642 274 712 φωνήεντος,
291 643 340 695 τοῦ
356 662 382 710 ε,
410 639 550 711 λαμβάνον
564 640 612 708 τήν
626 637 724 715 άρχήν,
754 641 882 698 διέσπακε

119 727 154 798 τῷ
175 725 273 796 μεταξὺ
286 717 374 799 χρόἶῳ
389 725 435 779 τδν
449 713 514 792 ήγον
528 719 578 779 οὐκ
593 723 651 779 δ’ντι
664 722 752 797 ὀλίγῳ.
777 724 883 791 τούτοις

117 813 204 863 τ’κεῖνα
231 809 335 866 ἕπεται·
360 809 582 875 ,,11ανδαίδαλάν
607 803 881 884 τίάκλε”άγοράν·“

117 897 226 970 τραχεῖα
251 890 399 967 κᾷνταίθα
413 890 458 951 καί
486 889 658 963 άντίτυποςή
672 895 795 966 συζυγία.
823 889 882 967 ήμι-

118 978 197 1052 φώνῳ
210 979 262 1053 γάρ
273 975 385 1051 άφωνον
398 979 563 1033 συνάπτεται
574 979 703 1051 γράμμα,
728 979 764 1052 τῷ
777 1000 793 1034 ν
809 979 839 1034 τδ
852 999 883 1033 τ·

118 1062 161 1119 καί
182 1062 343 1136 διαβέβηκεν
369 1059 510 1135 άξιδλογον
533 1060 675 1118 διάστασιν
690 1057 704 1130 ή
717 1062 820 1135 μεταξὺ
833 1065 883 1119 τοῦ

118 1149 361 1222 ειπροσηγορικοίν,
372 1148 420 1201 τοῦ
432 1144 676 1214 ,,Πυνδαίδαλον,“
688 1147 736 1203 καί
748 1151 793 1217 τής
801 1167 882 1203 συνα-

118 1234 211 1302 λοιφῆς
223 1237 268 1300 τῆς
281 1233 527 1302 ίπισυναπτομὲνης
540 1226 620 1306 αάτῷ.
630 1230 734 1305 μακροί
746 1233 800 1309 γάρ
813 1230 880 1288 τίσιν

117 1313 282 1388 ἀμφότεραι,
304 1317 398 1386 μείζων
412 1309 440 1369 δ’
468 1310 518 1368 οάκ
533 1311 614 1388 ὀλίγῳ
628 1320 672 1386 τῆς
685 1316 852 1391 συμμετρίας
864 1313 881 1386 ή

118 1400 320 1469 συναλείφουσα
336 1401 381 1464 τάς
395 1398 445 1454 δίο
460 1401 611 1472 συλλαβάς,
627 1405 655 1462 ἐξ
667 1398 779 1471 άφώνου
793 1422 820 1456 τε
835 1400 882 1457 καὶ

118 1483 195 1539 δυοῖν
210 1486 364 1539 συνεστῶσα
391 1484 556 1555 φωνηέντων.
580 1481 603 1539 εί
615 1488 686 1557 γοῦν
700 1506 738 1548 τις
753 1483 881 1557 άφέλοιτο

118 1566 199 1636 αάτής
214 1570 244 1622 τὸ
258 1588 280 1633 τ,
294 1565 339 1622 καί
353 1569 474 1638 ποιήσειε
485 1568 704 1639 ,,11ανδαίδαλον
717 1566 800 1626 εὔκλά
816 1569 882 1645 άγο·

117 1655 221 1726 ,,ράν,“
234 1649 270 1714 εἷς
283 1653 313 1706 τὸ
329 1650 435 1708 δίκαιον
449 1653 681 1728 ίλθοῦσαμίτρον,
690 1648 881 1732 εὖπετεστίραν

117 1737 222 1804 ποιήσει
235 1737 282 1804 τήν
295 1735 438 1810 ἁρμονίαν.

175 1818 274 1891 Ὅμοια
294 1821 397 1885 τούτοις
415 1820 471 1878 ἐστὶ
485 1817 610 1896 κᾷκείνα·
626 1817 768 1894 ,,Ἰοδέτων
786 1824 881 1896 λάβετε

115 1906 305 1980 ,,υιεφάνων.““
316 1908 476 1978 παράκειται
492 1902 881 1986 δάοήμίφωναάλλήλοιςητδζν

117 1989 161 2044 καί
176 1992 205 2046 τὸ
217 1992 238 2054 λ,
256 1992 373 2061 φυσικήν
387 1985 437 2045 οίκ
449 1989 545 2057 ἔχοντα
559 1990 696 2064 συζυγίαν,
711 1991 746 2065 τῷ
757 1993 794 2064 μή
809 1995 881 2048 κατά

117 2075 178 2139 τοδς
193 2075 306 2147 ὁμοίους
325 2075 526 2148 σχηματισμοδς
546 2079 593 2130 τοῦ
615 2077 748 2148 στόματος
767 2078 879 2151 ἐκφέρε-

117 2163 196 2216 σθαι.
215 2158 260 2216 καί
273 2161 307 2217 τά
334 2159 379 2216 ἐπὶ
405 2159 510 2223 τούτοις
535 2162 665 2233 λεγόμενα
690 2160 838 2231 μηκδνεταί
852 2183 879 2217 τε

117 2248 173 2308 ταῖς
199 2245 358 2315 συλλαβαῖς,
386 2244 430 2300 καί
456 2245 575 2314 διέστηκε
593 2248 652 2307 ταῖς
677 2242 822 2319 ἁρμονίαις
834 2245 878 2301 ἐπί

116 2329 194 2381 παλδ’
208 2329 648 2402 ,,Σεεφάνωντῶνέαριδρὲιττων.“
660 2329 878 2404 μακραίγάρκαί

116 2411 193 2484 δεῦρο
210 2411 549 2486 συγκρούονταισυλλαβαί
558 2417 587 2468 τί
597 2414 702 2469 δίκαιον
716 2413 876 2489 ὑπεραίρου-

114 2514 159 2549 σαι
173 2497 282 2569 μέτρον·
297 2493 314 2563 ή
329 2517 355 2552 τε
369 2499 489 2569 λήγουσα
504 2500 552 2552 τοῦ
565 2499 752 2569 ,,Στεφάνων“
765 2500 875 2572 μορίου,

110 2577 174 2631 δυσί
202 2582 442 2653 περιλαμβάνουσα
458 2576 609 2655 ήμιφώνοις
634 2586 738 2654 φωνῆεν
762 2585 876 2658 γράμμα

92 2658 181 2719 φύσει
191 2665 313 2738 μακράν,
331 2663 410 2735 καίή
425 2671 616 2744 συναπτομένη
628 2667 722 2742 ταύτῃ,
737 2668 807 2744 τρισί
819 2690 874 2740 μη-
