1950 2954
332 106 381 157 DE
398 106 503 157 LYSIA
520 106 697 159 IVDICIVM.
848 113 899 171 239

131 212 203 267 σθαι
214 209 310 267 πολλοι
326 209 469 284 όυναμιν
453 233 543 283 εοχον,
571 233 612 267 στι
625 234 662 285 μη
655 209 783 286 μόνος
784 218 898 288 Ισοκρά·
969 269 973 275 ,

131 315 190 365 της·
217 295 413 369 καθαρώτατος
428 298 461 365 δή
476 301 527 352 τῶν
540 291 634 364 τίλλων,
654 301 722 368 μετά
734 319 764 372 γε
778 301 899 365 Λυσίαν,

131 384 160 435 ἐν
177 383 234 445 τοῖς
257 367 442 485 ρ’νόμασιν
408 402 487 446 ουτος
512 381 600 483 ἔμοιγε
631 373 706 437 δοκεῖ1
727 385 857 454 γενέσθαι
883 385 899 439 ὁ

131 461 207 570 ἀνὴρ.
237 468 304 536 μίαν
316 467 366 536 μέν
380 465 413 534 δη
438 466 539 534 ταύτην
558 464 654 541 άρετήν
668 464 744 532 άξίαν
758 470 837 537 ζήλου
852 469 897 524 καί

125 550 261 621 μιμήσεως
282 549 396 624 εὑρίσκω
423 552 498 623 παρά
525 551 560 624 τῷ
579 553 686 624 ῥήτορι,
712 551 758 608 καί
777 573 896 625 παρακε-

124 633 274 706 λευσαίμην
286 632 321 690 άν
336 637 392 698 τοῖς
403 635 580 707 βουλομένοις
592 638 721 710 καθαρῶς
733 639 856 711 γράφειν,
878 635 897 706 ἢ

124 719 172 775 καὶ
184 720 282 793 λέγειν,
308 722 410 775 ἐκεῖνον
431 721 480 774 τόν
500 713 587 794 άνδρα
605 724 749 776 ποιεῖσθαι
761 722 895 796 παράδει-

123 825 180 877 γμα
192 803 292 872 ταδτης
305 807 352 872 τῆς
367 801 469 876 άρετῆς.

191 892 220 945 3.
243 884 356 964 Ἑτέραν
372 888 399 943 δέ
413 883 492 943 οὗδίν
505 889 605 943 ἐλάττω
617 887 729 956 ταύτης,
754 884 787 949 ἓν
802 889 896 944 πολλοί

123 972 320 1045 μένέζήλωσαν
333 975 385 1027 τῶν
400 973 469 1027 κατά
483 976 529 1028 τόν
549 967 632 1027 αὖτόν
641 973 741 1046 χρόνον
755 970 894 1044 άκμασάν-

123 1077 184 1123 των,
205 1054 295 1121 οάδιίς
310 1057 338 1112 δέ
352 1058 531 1131 βεβαιότερον
541 1056 703 1122 ἐπεδείξατο.
728 1057 767 1121 τίς
782 1051 809 1111 δ’
824 1055 896 1111 ἔστιν

125 1137 214 1209 αὖτης
239 1136 256 1209 ἦ
271 1141 316 1196 διά
330 1143 383 1195 τῶν
396 1140 496 1214 κυρίων
510 1163 537 1196 τε
551 1141 597 1196 καὶ
610 1143 707 1197 κοινῶν
720 1140 765 1195 καί
785 1144 896 1213 ἐνμέσῳ

125 1228 254 1300 κειμένων
269 1223 409 1297 ὀνομάτων
428 1228 581 1298 ἐκφέρουσα
594 1228 628 1280 τά
642 1225 785 1297 νοοίιμενα.
799 1221 896 1294 ἥκιστα

122 1311 178 1384 γάρ
196 1305 231 1364 άν
244 1330 284 1374 τις
299 1306 375 1384 εὕροι
392 1311 502 1365 Λυσίαν
521 1309 637 1382 τροπικῇ
647 1311 745 1382 φράσει
756 1312 896 1382 χρησάμε-

125 1416 183 1453 νον.
212 1393 259 1450 ναί
273 1391 323 1450 οὐκ
337 1393 382 1449 ἐπὶ
397 1394 483 1468 τούτῳ
498 1397 584 1466 μόνον
596 1398 715 1450 ίπαινεῖν
727 1389 810 1461 άξιον,
839 1389 894 1449 ἄλλ’

125 1475 171 1536 ὅτι
188 1476 236 1534 καί
255 1482 365 1554 περιττά
385 1476 430 1534 καί
450 1480 535 1551 σεμνά
555 1479 601 1534 καί
618 1482 721 1553 μεγάλα
742 1480 894 1550 φαίνεσθαι

124 1565 158 1619 τά
184 1567 334 1638 πράγματα
360 1567 446 1627 ποιεῖ,
480 1567 535 1626 τοῖς
566 1565 733 1625 κοινοτάτοις
764 1563 893 1637 χρώμενος

124 1645 251 1718 όνόμασι,
281 1647 327 1702 καί
340 1650 479 1716 ποιητικῆς
493 1642 543 1716 οάγ
556 1645 704 1719 ἁπτόμενος
717 1652 893 1717 κατασκευῆς.

124 1735 181 1795 τοῖς
195 1732 224 1787 δέ
238 1735 380 1806 προτέροις
392 1728 441 1800 οὐχ
455 1727 551 1800 αὕτηί]
567 1731 631 1796 δόξα
645 1720 691 1800 ἦν·
718 1729 817 1788 άλλῖοῖ
829 1735 893 1804 βου-

125 1818 236 1888 λόμενοι
259 1819 363 1889 κόσμον
388 1818 448 1871 τινά
472 1820 621 1890 προσεῖναι,
647 1821 703 1881 τοῖς
729 1813 800 1880 ὅλοις
821 1819 892 1885 ἐξηλ-

125 1905 221 1958 λοττον
241 1898 364 1971 ἰδιώτην,
393 1900 438 1957 καί
453 1904 618 1972 κατέφευγον
632 1897 668 1965 είς
685 1902 733 1969 τήν
751 1903 892 1968 ποιητικήν

95 2051 108 2073 ⁸
125 1988 241 2061 φράσιν,
275 1987 439 2058 μεταβολαῖς
468 2007 496 2040 τε
529 1987 639 2049 πολλαῖς
669 1984 814 2058 χρώμενοι,
848 1983 891 2038 καί

92 2074 97 2083 ”
126 2068 301 2145 ιἰττερβολαῖς,
328 2068 372 2124 καί
385 2073 445 2132 ταῖς
457 2064 550 2133 άλλαις
563 2073 701 2143 τροπικαῖς
714 2068 812 2131 ἰδέαις,
833 2064 891 2122 όνο·

125 2156 216 2226 μάτων
229 2175 257 2212 τι
270 2155 492 2229 γλωττηματικῶν
507 2153 552 2210 καὶ
565 2159 643 2217 ξένων
654 2154 752 2227 χρήσει,
780 2151 825 2206 καί
843 2153 892 2205 τῶν

127 2237 174 2295 οάκ
200 2238 340 2296 εἰωθότων
360 2240 549 2309 σχηματισμῶν
567 2239 600 2311 τῇ
620 2236 765 2311 διαλλαγῇ,
793 2236 839 2292 καί
862 2258 891 2309 τη

127 2320 191 2399 ίίλλῃ
205 2323 366 2397 καινολογίᾳ
380 2324 626 2394 καταπληττόμενοι
639 2322 685 2375 τόν
698 2320 815 2391 ἰδιώτην.
843 2321 892 2391 δη-

127 2411 168 2464 λοῖ
187 2410 217 2465 δὲ
236 2410 318 2465 τοῦτο
335 2407 453 2481 Γοργίας
473 2428 499 2462 τε
519 2406 535 2461 ό
552 2408 709 2471 Λεοντῖνος,
733 2409 762 2461 ίν
785 2407 893 2472 πολλοῖς

127 2493 345 2569 πάνυφορτικίρν
359 2491 447 2547 τεκαὶ
466 2490 617 2564 ὑπέρογκον
641 2492 726 2546 ποιῶν
744 2491 791 2560 τήν
811 2511 893 2545 κατα·

127 2579 233 2649 σνευῆν,
260 2578 307 2646 καὶ
326 2571 360 2633 οά
379 2578 471 2652 πόῤῥω
489 2575 669 2649 διθυράμβων
688 2573 747 2632 ένια
766 2574 893 2647 φθεγγό-
