1950 2954
117 232 166 281 DE
177 233 300 282 ADMIR.
315 231 353 282 vl
366 229 513 281 DICENDI
522 231 561 281 IN
571 231 753 283 DEMOSTH.
787 238 839 292 227

78 338 208 408 σχήματα,
233 337 279 392 καὶ
293 333 319 391 οἱ
339 335 580 409 περιλαμβάνοντες
597 332 679 402 αάτάς
698 359 725 393 τε
743 337 788 394 καὶ
807 337 841 393 τά

77 423 148 475 κῶλα
174 421 289 495 ῥυθμολ.
315 418 360 475 καὶ
386 419 440 495 γάρ
463 419 509 474 καὶ
522 418 592 477 κατά
611 423 736 496 κόμματα
752 421 840 480 πολλά

77 506 179 576 εἴρηται
198 504 235 577 τῷ
254 502 348 579 άνάρλ·
374 502 419 559 καὶ
439 501 471 559 τά
485 507 596 561 πλεῖστά
613 526 644 580 με
661 500 746 570 οὕτως
758 528 838 563 κατε-

78 587 236 644 σκεέιασται·
263 588 308 644 καὶ
322 593 351 644 ἐν
364 588 498 662 περιόδοις
510 586 560 644 οὐκ
574 585 660 665 άλλμα.
684 593 737 647 τῶν
751 591 779 646 άέ
793 613 838 646 πε-

78 672 173 747 ριόδων
184 670 213 727 αἶ
224 675 273 744 μέν
286 667 507 745 εἶσινεάκάρυφοι
519 672 565 729 καλ
579 675 742 749 στρογγύλαι
748 672 838 748 ὥσπερ

78 753 131 812 άπὸ
146 758 259 830 τόρνου·
286 754 316 811 αἱ
342 754 371 810 άέ
395 750 492 810 άπτιαλ
514 754 603 812 τεκαὶ
618 761 765 831 κεχυμέναι
791 759 837 815 καλ

78 836 122 896 οὐκ
137 839 413 911 ἔχουσαιτέιςβάσεις
439 841 576 914 περιττάς·
602 842 679 913 μήκει
706 864 733 898 τε
747 840 834 913 αῑμὲι

78 925 205 994 θάττους,
233 920 299 980 ὥστε
318 927 542 998 συμμετρηθῆναι
567 925 635 998 πρὸς
648 923 745 999 ἄνδράς
759 946 833 981 πνευ

78 1027 124 1063 αα·
152 1029 180 1063 αι
207 1008 236 1064 άέ
261 1007 349 1081 πολλῷ
366 1007 479 1081 μείζους,
505 1011 562 1063 ολαι
580 1008 626 1064 και
644 1012 720 1080 μέχρι
738 1012 784 1079 τῆς
797 1031 836 1065 τι·

78 1092 171 1164 τάρτης
189 1091 365 1155 ἀναπαύσεως
388 1093 592 1194 προελθοῦσαι,
618 1094 677 1148 τότε
695 1091 824 1166 λήγειν’
801 1115 837 1158 εις

78 1179 163 1248 πέρας.
190 1178 243 1231 τῶν
261 1197 289 1231 τε
306 1175 454 1281 σχημάτων
468 1174 600 1248 ἔνθαμὲν
614 1172 649 1231 άν
662 1199 700 1242 τιςΙ
714 1172 790 1251 εὕροι
803 1176 835 1233 τά

78 1256 158 1361 αεμνρλ
171 1282 215 1315 και
230 1255 354 1334 αάστηρα
377 1260 423 1316 καὶ
436 1257 536 1339 ρλρχαῖα
550 1257 745 1326 πλεονάζοντα·
765 1260 834 1317 ε’νθα

78 1344 101 1398 λέ
114 1366 146 1399 τα
142 1338 231 1418 λυρα
246 1365 292 1399 και
282 1340 433 1418 γλαφυρά
446 1366 491 1399 και
509 1341 610 1447 αἷρχαῖα
624 1343 671 1400 καὶ
688 1348 834 1419 θεατρικά·

78 1428 118 1483 ιαὶ
136 1430 187 1483 τῶν
201 1429 318 1501 ρυθμῶν
343 1429 465 1500 πολλαχῇ
490 1429 538 1497 μέν
557 1426 620 1492 τοέις
633 1426 775 1504 ἀνδρώδεις
789 1450 834 1484 και

78 1509 263 1583 λξιωμοτικούς
288 1510 335 1568 και
359 1509 484 1614 εὕμεμεῖς,
512 1513 630 1574 σπανίως
650 1512 679 1567 δέ
697 1534 753 1569 που
772 1514 835 1577 τσέις

78 1595 305 1698 5πρρχηματικοέις
318 1615 347 1652 τε
360 1591 426 1654 καλ’
422 1596 552 1663 Ιιενικοάς
564 1618 611 1652 κοιι
600 1595 833 1670 διακλωμένους·

78 1679 138 1753 νπὲρ
151 1667 187 1734 ὧν
206 1676 340 1756 ὄλιμον”’
321 1701 432 1756 υστερον
449 1682 576 1755 ἐροῦμεν·
602 1677 693 1756 ἕτερος
709 1679 762 1756 γάρ
775 1687 833 1738 ἐπι·

78 1760 339 1837 ιηόειάτεροςαάιοῖς
365 1765 439 1820 ἴαται
465 1767 556 1828 τόπος.
584 1760 737 1828 νυνλάέ,
721 1786 834 1838 σπρσσ

78 1850 197 1903 ιπαιτεῖν
210 1845 320 1901 έοικενο
311 1846 467 1918 Ηλάμος,
452 1866 490 1900 ετι
503 1845 635 1918 προσθεις
643 1889 651 1914 ,
676 1844 721 1902 ἐπι
733 1868 766 1901 ια
760 1845 832 1901 λοι-

78 1929 107 1986 ιιλ
122 1934 173 1986 τῶν
191 1933 370 2002 προκειμένων
382 1929 580 2000 μεταβήσομαι.

133 2015 182 2072 44.
210 2015 244 2069 Τλ
263 2014 291 2069 άέ
309 2006 383 2067 τοῦτ’
401 2011 473 2068 ἔστιν
479 2039 491 2078 ,·
513 2011 604 2079 ἐπειδή
625 2012 772 2084 πραιὶστην
784 2013 833 2082 μὲν

78 2093 217 2168 ἷφηνεῖναι
230 2099 279 2168 τήν
302 2097 400 2169 μικτήν
427 2094 567 2166 σάνθεσιν,
594 2095 679 2169 ταύτῃ
694 2094 722 2148 δέ
736 2099 831 2167 κεχρή-

78 2185 141 2237 ιθαλ
160 2203 230 2255 φημι
247 2182 294 2236 τὸν
320 2181 504 2251 Δημοσθένην
522 2177 649 2235 ἁπάντων
665 2181 832 2250 μετριώτατα

78 2267 120 2319 τῶν
134 2261 232 2333 ἄλλων,
257 2266 389 2327 ἐπιτάσεις
407 2263 435 2319 δέ
454 2263 500 2319 καλ
519 2261 620 2325 άνέσεις
634 2259 789 2336 άξιολόμσυς
801 2268 829 2318 ἐν

78 2345 139 2420 ιάιῇ
152 2352 307 2415 ποιεῖσθαι,
332 2342 393 2403 τστέ
410 2348 459 2419 μέν
484 2345 745 2420 ἀξιωματικωτέραν,
771 2347 832 2401 τσιέ

78 2426 98 2484 λ’
126 2425 337 2506 εὐπρεπεστέραν
361 2432 496 2487 ποιοῦντα
522 2432 570 2500 τήν
586 2427 718 2536 οἰμωγήν·
750 2430 777 2483 ιλ
795 2430 829 2499 δή

78 2536 133 2570 ιοτε
150 2516 316 2586 βουλόμενος
341 2510 374 2570 σά
399 2515 541 2589 πορεύεται
559 2516 626 2586 μίαν
646 2510 699 2570 αλιι
717 2513 763 2569 καὶ
782 2515 831 2580 τήν

78 2593 181 2669 αάτήυ]
195 2598 278 2666 ὁδόν,
304 2621 351 2653 και
341 2597 395 2655 τά
409 2603 438 2655 έν
451 2596 564 2675 τωάε,”
548 2620 565 2666 η
578 2595 653 2670 τωάε,
678 2599 830 2661 πλεονάζειν

78 2684 228 2757 αρακτῆρι,
255 2685 343 2749 πολοις
360 2683 432 2740 τισιν
456 2683 541 2760 έρλζει
560 2683 680 2814 κανάῖοι,
714 2679 794 2732 δοκεῖ
812 2674 854 2734 δή

664 2777 686 2812 2
