1950 2954
187 143 236 199 DE
256 143 530 198 COMPOSITIONE
544 143 746 199 VERBORVM.
831 149 867 208 49

149 249 200 300 Rei
231 247 370 300 subiectae
396 248 663 368 οοπνερίοιπτὶα
610 249 742 319 eligenda
767 267 827 299 esse

416 333 480 367 νοτο
499 335 516 367 ιι
528 334 544 366 ο

163 383 245 446 XVI.
267 386 325 444 Καὶ
351 381 431 442 ου’τοί
456 407 483 442 τε
511 386 543 455 δὴ
570 388 816 453 κατασκευάζουσιν
838 409 865 445 οι

98 471 210 542 ποιηταὶ
223 471 270 528 καὶ
293 473 473 572 λογογράφοι,
501 471 568 545 πρὸς
579 475 670 575 χρῆμα
684 471 806 574 δρῶντες,
819 469 863 527 οἳ·

97 560 158 612 κτῖα
185 554 230 611 καλ
254 557 433 624 δηλωτικά
400 576 450 610 των
479 551 660 628 ὑποκειμένων
674 558 706 611 τά
732 553 863 629 ὀνόματα,

96 638 189 713 ὥσπερ
215 639 296 711 ἔφην·
319 641 406 696 πολλα
419 638 448 694 δε
461 659 508 694 και
529 641 603 715 παρά
628 642 680 695 τῶν
704 638 863 742 ἔμπροσθεν

96 727 299 797 λαμβάνουσιν,
318 722 459 789 ὧςέκεῒνοι
472 723 685 792 κατεσκεύασαν,
713 746 766 782 οοα
778 746 861 830 μιμη·

95 809 230 865 τικάιτατα
243 810 295 864 τῶν
308 809 471 911 πραγμάτων
484 810 571 867 ἐστίν·
592 806 625 872 ὥς
638 807 690 878 ἔμεν
703 811 797 864 ταυτὶ·

135 889 247 962 Ῥογθτῖ
257 895 312 966 γάρ
337 896 406 965 μέγα
420 912 491 964 κυμα
505 912 569 949 ποτι
559 890 684 966 ξερόν’
669 895 802 969 ηπείροιο.

137 973 228 1040 Αὐτὸς
243 976 271 1033 δὲ
284 978 395 1052 κλάγξας
408 979 501 1032 πέτετο
515 971 621 1051 πνοιῇά
636 973 755 1049 άνὲμοιο.

136 1059 259 1135 Αἰγιαλῷ
269 1066 374 1135 μεγάλῳ
383 1059 519 1134 βρέμεται,
526 1064 662 1136 σμαραγεῖ
675 1059 703 1117 δέ
716 1081 743 1116 τε
756 1061 862 1138 πόντος.

138 1141 268 1202 Σκὲπτετ’
283 1144 379 1202 ὀϊστῶν
391 1164 419 1200 τε
432 1146 522 1220 ῥοῖζον
536 1144 581 1201 καλ
597 1145 701 1222 δοῦπον
714 1141 842 1200 άκάντων.

95 1233 196 1304 μεγάλη
224 1229 326 1285 τοάτων
351 1226 427 1332 άρχη
444 1229 489 1284 καλ
516 1229 678 1295 διδάσκαλος
702 1225 718 1299 ἦ
741 1226 859 1302 φάσις,ἧ

95 1318 216 1372 ποιοῦσα
242 1316 402 1386 μιμητικοὺς
414 1309 482 1384 ἡμᾶς
496 1335 540 1370 και
531 1312 726 1375 δετικούς”
691 1333 743 1369 των
758 1313 859 1386 ὄνομά·

94 1420 155 1467 των,
182 1389 222 1462 οἷς
235 1399 408 1469 δηλοῦται
376 1419 410 1455 τα
423 1401 584 1472 πράγματα,
612 1401 680 1454 κατά
694 1417 767 1461 τινας
779 1394 860 1454 οὐλά-

95 1504 162 1559 γους
181 1482 229 1539 και
250 1483 386 1551 κινητικάς
412 1482 534 1546 διανοίας
562 1482 735 1556 ὁμοιότητας·
763 1479 810 1556 ὑφ’
823 1469 859 1536 ὧν

94 1567 277 1670 ἐδιδάχθημεν
290 1566 395 1640 ταύρων
409 1587 435 1620 τε
447 1568 593 1638 μυκήματα
606 1569 697 1639 λέγειν,
710 1566 756 1623 καὶ
766 1588 859 1643 χρεμε

94 1672 207 1726 τιομους
232 1651 336 1722 ἰ’ππων,
365 1651 411 1706 και
425 1651 585 1726 φρυαγμοδς
610 1653 724 1725 τράγων,
752 1655 818 1726 πρός
832 1673 859 1706 τε

95 1737 199 1812 δρόμον
213 1735 258 1790 καὶ
272 1737 397 1806 πάταγον
412 1731 529 1808 άνὲμων,
556 1735 601 1791 καὶ
614 1738 745 1812 συριγμὸν
760 1738 859 1801 κάλων,

95 1821 141 1876 καὶ
154 1817 222 1876 ἄλλα
237 1820 343 1883 τούτοις
363 1815 445 1891 ὅμοια
464 1823 635 1921 παμμληθῆ,
661 1823 695 1875 τά
707 1822 756 1890 μὲν
770 1823 859 1891 φωνῆς

96 1907 233 1976 υιμητικά,
248 1926 282 1960 τα
275 1904 324 1959 δὲ
333 1897 559 1977 μορφῆς,τάδ”’
545 1924 633 1980 εργου,
649 1925 682 1959 τα
676 1904 724 1959 ’δὲ
738 1905 858 1968 πάθους,

97 2010 130 2044 τα
124 1990 171 2045 δε
185 2009 319 2057 κινησεως
335 1984 439 2043 τολδΗ
425 1990 544 2088 ηρεμῖας,
570 1983 645 2044 τάδ’
658 1985 741 2044 αλλου
753 1990 860 2062 γρημα

96 2093 139 2138 τος
161 2073 343 2142 ὁτουδήποτε,
369 2072 430 2150 περὶ
456 2061 491 2128 ὧν
516 2075 618 2146 ω’ρηται
632 2073 717 2128 πολλά
731 2076 788 2134 τοῖς
795 2074 860 2172 πρὸ

96 2154 178 2227 ημῶν.
206 2160 240 2212 τά
266 2156 439 2232 κράτισταδε
466 2160 549 2230 νέμω,
574 2179 607 2221 ως
621 2159 716 2231 πρωτω
729 2176 777 2210 τον
792 2175 858 2225 οπερ

97 2240 311 2314 ἐτυμολογίας’
289 2243 425 2315 ειοάγοντι
438 2245 529 2316 λόγον,
550 2244 677 2296 Πλάτωνι
691 2239 729 2313 τηῒ
743 2247 859 2312 Σωκρα-

96 2327 170 2400 τικῷ,
200 2326 324 2399 πολλαχῇ
341 2325 449 2398 μὲνκαλ
475 2324 584 2392 ἄλλοθι,
611 2328 727 2398 μάλιστα
742 2323 859 2398 δὲέντῷ

96 2411 235 2487 Κρατύλῳ.

154 2523 256 2594 ριιιδιιτ
277 2525 365 2577 modis
377 2525 493 2594 pulchra
514 2533 696 2577 constztuatur
716 2522 816 2581 dictio.

163 2611 199 2667 Τλ
213 2610 245 2681 δη
260 2615 291 2667 τά
306 2614 453 2683 κεφάλαιόν
468 2615 530 2672 ἐστι’
540 2637 593 2692 μοι
615 2639 668 2678 του
696 2619 804 2696 λόγους
834 2612 882 2676 λδ·

124 2693 232 2738 Πιονκκ
250 2692 277 2737 Τ,
294 2692 318 2740 V
700 2708 731 2760 D
