1950 2954
116 179 168 237 ιιι
233 148 393 229 οιοανεσ
408 172 754 230 αιτιοσατωεεεαεω
844 177 846 180 ⁴

118 286 182 356 πρὸς
202 283 249 338 τόν
271 280 444 350 Ἰππονόιιοο,
474 280 521 338 τισὶ
546 278 594 348 τὴν
617 278 880 354 φιλοπροσηγορίαν

117 363 183 441 ὅπερ
209 366 265 422 ἐστὶ
288 369 318 422 τό
344 369 514 440 προσφωνεῖν
532 360 603 429 τούς
627 364 882 437 ιίπαντόιντας,ω,

118 448 199 513 αύτός
212 470 303 520 φησιν.
326 474 351 506 τι
341 449 393 506 '66
407 471 453 505 και
443 447 524 505 ἶύόα
510 449 609 523 χρῆν
615 451 682 524 πρός
694 445 808 505 ἕκαστον
822 451 882 506 τού

117 557 148 591 το
164 537 267 606 ποιεῖν,
293 531 364 598 ὅπως
381 532 428 588 οιαὶ
448 536 510 598 τούς
529 528 720 599 ἰόιὼτσις.ὦ“ς”
704 554 747 589 οτι
765 533 881 604 μάλιστα

117 617 279 690 οἰκειοτέρως
298 619 343 675 καί
363 613 551 694 εὐμενεστέρας
571 617 638 688 ἰγτιν
657 620 719 693 Ιτρός
735 611 806 689 ἡμᾶς
824 639 880 674 ποι-

118 704 327 778 ρασκευσίζοιμεν
351 705 442 772 ἐνιπῆς
468 700 594 771 τοιαύτης
619 704 880 776 φιλοπροσηγορίας·

118 788 205 859 πολλῷ
228 786 260 853 ύὴ
289 807 346 843 που
370 783 582 860 σίνσιγιιαιότερσν
608 789 638 843 τό
665 787 784 861 πρᾶγμα,
809 785 883 841 νιαίό

119 875 241 934 τοιοῦτος
254 873 354 944 τρόπος
379 873 425 939 τῆς
451 871 676 944 προσφωνήσεως,
702 868 724 925 εἰ
743 872 810 943 πρός
823 870 883 931 τούς

117 961 145 1012 ε’ν
158 957 223 1011 τέλει
237 953 282 1010 καί
296 959 324 1012 ἐν
338 952 431 1031 τίρχαίς
449 955 594 1029 γεγονότας
615 951 664 1026 ἀφ’
684 950 755 1026 ἡμῶν
768 954 882 1026 γίνοιτο,

117 1040 234 1110 μόλιστό
260 1060 290 1111 γο
315 1040 347 1108 66
376 1040 439 1104 τούς
456 1040 581 1095 ἑκάστοτε
608 1042 636 1094 ἐκ
654 1039 786 1112 βασιλέων
800 1036 836 1103 εἰς
850 1040 882 1093 τό

119 1124 186 1191 ἔθνη
201 1120 246 1178 καί
259 1125 305 1186 τοίς
317 1124 407 1187 πόλεις
426 1125 473 1187 τοίς
492 1117 620 1197 ἡμετέρας
637 1124 881 1197 παραγινομένους,

63 1262 65 1266 ,
120 1204 192 1269 ὅπως
219 1204 265 1260 καί
284 1202 382 1271 αύτούς
408 1205 453 1262 όισί
471 1207 597 1262 τοιούτου
614 1208 726 1281 τρόπον,
753 1206 800 1263 ιισιί
817 1210 884 1282 πρός

119 1287 188 1358 ἡμᾶς
202 1287 247 1343 καί
261 1291 328 1362 πρός
342 1293 389 1353 τιίς
401 1288 489 1346 αύτῶν
501 1291 634 1365 πατρίδας
647 1288 812 1368 οἰκειοτέρως
826 1289 885 1347 ύια·

120 1378 231 1429 κεῖσθαι
257 1374 522 1449 παροσκεοιίσαιμτν.
550 1372 638 1447 σίμόλει
663 1377 695 1448 γε’
718 1397 762 1432 τοι
790 1374 836 1431 ιιαί
852 1378 882 1432 τό

119 1478 231 1557 πραγμα
251 1453 302 1527 ἤόη
323 1460 488 1532 ἐπιχωριάζει
512 1458 557 1514 ἐπὶ
581 1460 664 1522 πᾶσι,
690 1460 738 1516 ιισιί
756 1461 885 1533 καθάπερ

120 1564 157 1604 τις
172 1528 251 1604 οὗτος
270 1541 285 1596 6
305 1543 385 1611 νόμος
409 1542 454 1597 καί
481 1543 739 1615 θεσμόςόιελὴἰυθε
754 1542 800 1600 όιοί
814 1549 882 1599 πόν-

118 1646 182 1690 των,
211 1622 244 1688 ὧς
263 1621 383 1688 εύθύς“
365 1648 422 1696 αμα
441 1646 468 1682 τε
487 1626 521 1700 τῇ
538 1627 628 1703 πρώτῃ
648 1629 699 1682 τῶν
722 1627 867 1698 πολῶν,
850 1651 884 1694 ως

117 1706 151 1764 (ἰν
165 1711 236 1765 εἴποι
251 1731 296 1773 τις,
325 1707 419 1784 εἰσόόςρ
444 1713 613 1786 προσφωνεῖν
639 1712 752 1778 τούτους
765 1711 883 1786 όημοσίρι

119 1796 164 1855 τοίς
178 1792 297 1856 πόλεις’
285 1789 329 1862 αφ’
350 1793 432 1859 ἑνός
416 1798 532 1850 οτουοον
548 1796 601 1849 τῶν
618 1792 734 1869 σίρίστων
752 1797 821 1852 τιατό
836 1798 884 1865 Ιτὴν

118 1873 307 1943 παιόείαν,
287 1898 375 1951 ωσπερ
401 1877 518 1953 ύιςμοσιρι
544 1878 596 1935 τινί
624 1880 701 1954 φωνῇ
732 1880 777 1935 τισί
800 1901 882 1953 κοινογ

117 1962 355 2069 προοαγορεύματι
368 1962 629 2036 προσαγορεύοντος.
656 1967 719 2065 φέρι
734 1952 783 2020 σύν
804 1966 885 2020 εἴπω-

116 2050 164 2117 μέν
184 2067 207 2100 τι
228 2045 300 2101 καὶ
295 2048 353 2121 περί
373 2069 475 2103 τουτων
489 2069 540 2103 των
565 2044 704 2120 ἰόγων,”
686 2070 760 2112 οπως
777 2044 811 2104 όίν
837 2048 885 2104 ιιαί

120 2131 230 2195 τούτοις
243 2126 340 2203 ύριστα
355 2153 400 2188 και
391 2132 508 2206 66616
527 2132 784 2206 μεταγειριζοίμεθσι.

187 2221 213 2272 2.
240 2217 376 2271 Καθόλου
385 2218 435 2289 μὲν
451 2216 467 2270 6
480 2218 576 2290 τρόπος
590 2213 676 2271 αύτῶν
691 2220 822 2287 τοιούτος,
850 2217 886 2283 ὧς

119 2300 249 2355 σύστασίν
265 2321 322 2354 τινα
337 2299 402 2368 ἔχειν
416 2303 461 2367 τῆς
480 2297 568 2355 αὐτῶν
587 2299 716 2404 πατρίόος
736 2303 803 2375 πρός
821 2302 885 2365 τούς

117 2378 207 2454 σίργειν
232 2384 382 2452 μέλλοντας.
410 2379 490 2438 ύεῖό’
517 2379 566 2439 ούκ
593 2380 661 2439 αύτό
687 2388 767 2441 τούτο
793 2387 881 2459 μόνον

117 2464 360 2564 πραγματεύεσθαι
372 2471 401 2523 όν
420 2488 455 2540 τῳ
444 2466 547 2542 λόγῳ,
575 2466 642 2523 οἰλλιί
655 2464 722 2570 μηδ’
749 2465 840 2525 αύτῶν
854 2473 883 2525 ἐν

111 2569 148 2600 τω
177 2548 271 2620 τοιῷδε
291 2546 463 2627 ὀλιγώρως’
450 2572 524 2620 σχειν.
552 2549 620 2626 οἰργιὶ
645 2541 695 2607 σύν
720 2552 781 2624 ἐμοὶ
808 2553 884 2610 ύοιιεί

90 2623 309 2703 α’νοιγιιαιοτιίτη
325 2633 363 2694 σίν
376 2634 449 2709 αύτὴ
466 2637 602 2712 γενέσθαι
615 2657 675 2711 περι
686 2657 770 2694 οοτσιι
796 2632 909 2700 1⁸62,-
