1950 2954
116 150 793 229 ADAMMAEVMnEnnMosTmAmsT.
829 182 858 239 ιι

95 275 198 347 ,·,φάσει
224 268 293 331 εἶναι
312 277 423 348 κρείττω
441 273 549 346 τάληθῆ
569 276 615 333 καί
632 281 665 333 τά
692 278 783 335 δίκαια
809 284 861 338 τῶν

96 360 260 427 ,,ἒναντίσιν·
283 355 352 426 ὥστ’,
368 362 415 416 ε’άν
426 361 462 431 μή
476 363 545 415 κατά
561 363 591 416 τδ
605 367 744 435 προσῆκον
757 362 787 419 αἱ
800 368 859 439 κρί-

95 464 168 515 ,,σεις
180 444 317 515 γίνωνται,
331 441 435 516 ἀνάγκη
449 439 485 497 δι’
500 440 588 501 αάτάιν
600 442 752 515 ἡττᾶσθαι·
779 452 859 504 τοῦτο

97 524 148 595 ,δ’
165 527 236 582 ἐστὶν
257 523 332 591 ἀξιον
358 527 536 598 ἐπιτιμήσεως.
563 527 600 583 ἴτε
620 528 648 584 δι’
670 534 738 604 πρὸς
763 533 858 598 ένίους,

95 607 179 681 ,,σάδ’
192 609 215 665 εἲ
228 611 276 680 τήν
295 608 489 686 ἀκριβεστάτην
510 612 612 684 ἔχοιμεν
632 616 789 687 ἐπιστήμην,
804 613 859 690 ῥηί-

96 697 175 764 ,,δισν
190 691 237 750 ἀπ’
249 696 349 765 ἐκείνης
361 698 453 751 πεῖσαι
472 697 606 769 λε’γοντας.
634 697 794 755 διδασκαλία
806 703 859 775 γάρ

96 785 189 844 ,ἐστιν
203 779 220 834 δ
233 782 301 835 κατά
316 781 363 848 τήν
375 779 523 851 ἐπιστήμην
542 783 631 852 λόγος.
652 783 732 838 τοῦτο
745 777 773 838 δ’
789 780 859 839 ἀδά-

94 884 211 930 ,,νατον·
235 858 291 919 ἀλλ’
306 860 410 936 ἀνάγκη
426 863 471 918 διά
485 866 536 918 τῶν
550 868 646 920 κοινῶν
659 869 802 923 ποιεῖσθαι
815 870 861 930 τάς

95 950 217 1017 ,,πίστεις
230 946 275 1004 καί
290 947 352 1010 τοδς
366 948 477 1019 λόγους,
496 944 584 1021 ὥσπερ
607 947 652 1003 καὶ
666 952 694 1004 ίν
707 953 763 1014 τοῖς
779 971 859 1006 τοττι·

94 1035 174 1099 ,μοῖς
198 1034 323 1106 ἐλέγομεν
349 1031 410 1105 περὶ
434 1033 479 1101 τής
502 1033 569 1106 πρὸς
592 1032 653 1097 τοδς
678 1035 793 1099 πολλοὺς
817 1039 860 1089 ἐν·

95 1116 253 1182 ,,τειίξεοις.“

162 1204 189 1258 7.
208 1200 280 1275 Περί
293 1220 320 1256 τε
334 1200 559 1274 παραδειγμάτων
573 1201 750 1274 προελόμενος
768 1203 860 1273 λέγειν,

98 1281 140 1339 ὅτι
166 1285 215 1352 τήν
241 1280 329 1353 αὐτήν
357 1280 429 1339 ταῦτ’
450 1283 502 1353 ἔχει
520 1283 635 1355 δύναμιν
666 1287 725 1346 ταῖς
757 1287 859 1359 ίπαγω·

98 1371 160 1440 γαῖς
173 1367 219 1423 καὶ
232 1373 289 1432 τοῖς
302 1370 504 1443 συλλογισμοῖς,
519 1369 605 1423 ταῦτα
632 1368 691 1442 περὶ
705 1370 750 1437 τής
763 1366 860 1423 ἀναλυ-

98 1454 172 1519 τικῆς
185 1451 231 1506 καί
243 1452 392 1523 μεθοδικῆς
405 1453 589 1526 πραγματείας
602 1454 710 1520 τίθησι·
732 1495 748 1519 ,,
761 1455 818 1508 Τῶν
834 1454 861 1507 δὲ
923 1452 926 1457 ’

98 1537 164 1602 ,,διά
179 1537 228 1591 τοῦ
244 1537 414 1600 δείκνυσθαι,
426 1533 443 1605 ή
457 1537 607 1606 φαίνεσθαι
622 1536 798 1602 δείκνυσθαι,
813 1557 860 1589 κα·

98 1623 210 1695 ,,θάπερ
237 1619 283 1675 καὶ
306 1625 335 1675 ἐν
354 1624 410 1684 τοῖς
423 1618 605 1685 ἀναλυτικοῖς,
626 1621 718 1691 τὸμὲν
734 1622 860 1694 ἐπαγωγή

98 1710 185 1772 ,,ε’στι,
200 1708 230 1760 τὸ
246 1704 274 1758 δὲ
293 1705 487 1777 συλλογισμὸς,
509 1705 551 1782 [τὸ
575 1705 603 1759 δὲ
616 1704 779 1777 φαινόμενος
793 1709 861 1760 συλ-

98 1787 273 1864 ,,λογισμδς,]
299 1787 347 1844 καὶ
367 1792 489 1844 ἐνταῦθα
503 1788 609 1860 ὁμοίως.
636 1787 691 1842 ἔστι
703 1791 756 1861 γάρ
770 1791 799 1844 τδ
812 1790 860 1862 μὲν

98 1870 305 1949 ,,παράδειγμα,
332 1874 471 1943 ἐπαγωγή·
498 1867 571 1926 τάδ’
587 1870 740 1943 ἐνθδμημα,
766 1875 860 1926 συλλο·

99 1959 225 2030 ,,γισμάς·
248 1955 292 2032 [τό
313 1955 340 2011 δὲ
360 1958 539 2027 φαινόμενον,
559 1957 721 2026 φαινήμενος
739 1959 861 2028 συλλογι-

98 2040 212 2116 ,,σμός.]
227 2041 296 2094 καλῶ
309 2043 362 2113 γάρ
376 2040 520 2111 ἐνθύμημα
538 2041 594 2110 μὲν,
609 2040 752 2111 ῥητορικὸν
765 2040 860 2093 συλλο-

99 2126 203 2195 ,,σμόν·
216 2124 390 2199 παράδειγμα
410 2123 446 2188 δὲ,
461 2125 602 2197 ἐπαγωγήν
621 2122 772 2193 ῥητορικήν.
792 2124 859 2177 πάν·

100 2230 161 2283 ,τες
176 2209 204 2263 δὲ
218 2212 264 2271 τάς
283 2210 384 2270 πίστεις
398 2210 543 2262 ποιοῦνται
563 2206 608 2260 διά
622 2207 670 2259 τοῦ
686 2204 828 2276 δεικνδναι,
843 2202 861 2272 ή

100 2291 328 2366 ,παραδείγματα
342 2293 468 2363 λέγοντες,
482 2289 499 2358 ἢ
511 2291 707 2360 ἐνθυμήματα·
728 2288 772 2343 καὶ
786 2290 860 2364 παρά

97 2372 298 2443 ,παῦτάοάδὲν
315 2397 376 2440 ποις.
404 2371 478 2447 ὥστ’,
505 2377 577 2447 εἴπερ
592 2372 638 2428 καί
653 2367 718 2435 ὅλως
745 2369 858 2448 ἀνάγκη,

101 2462 352 2537 ,συλλογιζόμενοη
363 2457 380 2528 ή
392 2460 538 2529 ἐπάγοντα,
562 2457 698 2512 δεικνάναι
711 2456 812 2531 ὁτιοῦν,
825 2453 861 2535 [ή

96 2541 285 2622 ,,άντινασῒιν·]
298 2544 378 2613 δῆλον
392 2539 421 2598 δ’
435 2539 501 2615 ήμῖν
520 2544 602 2599 τοῦτο
620 2545 648 2596 ἐκ
666 2542 717 2597 τῶν
736 2537 861 2596 ἀναλυτιι

96 2633 184 2696 „aew-
197 2627 350 2705 ἀναγκαῖον
360 2628 487 2702 ἑκάτερον
499 2622 600 2706 [αάτῶν
613 2623 748 2704 λκατίρηή
760 2624 866 2680 mm*
