1950 2954
101 192 157 252 240
294 184 456 236 οιουτετι
479 179 732 233 τιλτισλιιαλοο.

102 291 301 368 γραμματικήν.
313 288 391 357 ἷιιανη
404 291 457 363 γάρ
474 286 543 357 αὕτη
557 286 604 343 καί
617 290 663 353 τάς
676 281 760 350 άλλας
770 308 868 361 ιεκμη·

103 378 209 451 ριῶσαι,
234 376 407 448 φανερωτάτη
434 374 529 428 πασῶν
543 364 616 428 οάσα
640 371 872 444 καίθαυμασιω-

103 462 178 530 τάτη.
194 459 293 527 ταδτην
313 460 367 532 γάρ
387 452 452 512 ὅταν
466 457 636 528 ἐκμάθωμεν,
651 457 759 529 πρῶτον
770 457 821 527 μέν
836 457 873 512 τά

103 542 226 616 ὀνόματα
238 546 289 599 τῶν
303 540 439 611 στοιχείων
455 544 500 609 τῆς
527 543 616 612 φωνῆς
629 537 872 613 ἀναλαμβάνομεν,

103 623 122 683 ά
136 630 256 683 καλεῖται
269 628 431 699 γράμματα·
459 623 549 680 ἔπειτα
568 625 669 689 τόπους
680 619 703 680 τ’
720 620 872 680 αὐτῶνκαὶ

103 712 243 783 δυνάμεις·
270 704 338 764 ὅταν
351 709 381 765 δέ
399 709 486 764 ταῦτα
511 711 653 782 μάθωμεν,
670 710 730 764 τότε
743 711 790 772 τάς
806 712 871 763 συλ-

102 796 188 866 λαβάς
202 789 300 864 αιλτῶν,
314 791 360 848 καὶ
374 794 408 848 τά
423 789 484 866 περὶ
498 795 586 848 ταῦτα
607 793 701 863 πάθη·
715 794 869 866 κρατήσαν-

102 899 143 944 τες
157 877 185 933 δέ
199 877 310 950 τούτων,
336 880 371 934 τά
383 878 433 932 τοῦ
447 879 638 952 λδγουμδρια·
666 873 789 948 ὄνδματα
803 878 871 950 λέγω

103 962 150 1018 καί
162 961 272 1036 ῥήματα
298 961 345 1018 καί
358 960 539 1032 συνδέσμους·
566 959 612 1016 καί
625 962 659 1016 τά
673 962 869 1033 συμβεβηκότα

103 1045 217 1114 τούτοις,
230 1047 372 1117 συστολάς,
398 1046 525 1118 ἐκτάσεις,
539 1042 672 1115 ὀξύτητας,
700 1044 866 1120 βαράτητας,

101 1131 175 1206 γένη,
189 1131 308 1195 πτώσεις,
329 1128 474 1204 άριθμοάς,
495 1132 629 1204 ἐγκλίσεις,
644 1131 679 1185 τά
691 1125 761 1186 ῶλλα
775 1151 868 1204 παρα-

103 1215 204 1282 πλήσια
216 1215 322 1280 τούτοις
335 1216 419 1288 μυρία
434 1211 562 1286 ὀνόματα.
582 1210 648 1270 ὅταν
662 1213 691 1269 δέ
704 1215 753 1282 την
765 1214 869 1270 τοτίτων

93 1295 230 1354 ’ἁπάντων
249 1300 397 1371 ἐπιστήμην
418 1300 618 1373 περιλάβωμεν,
643 1293 696 1353 τότ’
724 1294 868 1372 άρχόμεθιι

101 1382 216 1460 γράφειν
244 1383 331 1439 τεκαὶ
357 1381 560 1456 άναγινῶσκειν,
586 1383 655 1438 κατά
668 1382 807 1454 συλλαβίν
819 1384 869 1453 μὲν

103 1465 149 1521 καί
162 1466 282 1542 βραδέως
296 1460 326 1524 τδ
342 1469 455 1541 πρῶτον,
485 1463 531 1522 άτε
556 1468 652 1541 νεαρῶς
675 1461 758 1536 οὔσης
769 1465 808 1521 ἔτι
821 1470 868 1533 τῆς

102 1549 190 1615 ἕξεως·
226 1554 424 1625 προβαίνοντος
451 1550 479 1606 δὲ
504 1551 553 1606 τοῦ
574 1554 685 1627 χρόνου,
712 1549 759 1606 καί
786 1552 867 1605 τόνον

102 1631 213 1708 ἷσχυρδν
227 1637 261 1708 τῇ
281 1636 353 1708 ψυχῇ
379 1637 562 1704 περιτιθέντος
576 1640 605 1690 έκ
619 1638 664 1703 τῆς
679 1635 803 1702 συνεχοῦς
814 1653 864 1702 με-

102 1719 183 1785 λέτης,
211 1713 266 1773 τότ’
294 1716 448 1780 άπταίστως
474 1739 500 1772 τε
527 1718 572 1773 καὶ
591 1721 658 1774 κατά
678 1719 776 1784 πολλὴν
789 1714 866 1773 εὖπὲ·

102 1820 189 1855 τειαν·
216 1798 546 1875 καὶπάνὸτιάνέπιδρί
571 1824 610 1866 τις
635 1803 760 1876 βυβλίον,
788 1797 867 1857 οὐδέν

101 1886 207 1939 ἐκείνων
221 1883 260 1941 ἔτι
273 1889 325 1942 τῶν
340 1889 444 1942 πολλῶν
456 1888 643 1962 θεωρημάτων
656 1885 866 1950 ἀναπολοῦντες,

101 1962 159 2039 άμα
186 1970 277 2038 νοήσει
302 1970 477 2044 διερχόμεθα.
501 1972 625 2027 τοιοῦτον
652 1971 684 2038 δὴ
699 1992 724 2024 τι
736 1970 782 2026 καί
807 1969 867 2043 περὶ

100 2051 202 2120 ταύτην
216 2053 384 2123 ὕποληπτέσν
409 2057 539 2130 γενέσθαι
565 2057 613 2125 τήν
638 2057 742 2124 τέχνην,
770 2056 868 2109 ἐκτῶν

100 2138 203 2210 μικρῶν
216 2139 263 2194 καί
281 2141 410 2215 γλίσχρων
435 2141 616 2212 θεωρημάτων
643 2135 791 2211 αὐξομένην
819 2141 866 2207 τήν

100 2216 152 2283 ἕξιν
168 2220 217 2276 οὐν
241 2225 329 2297 χρόνῳ
344 2224 443 2296 ῥᾳδίως
471 2219 559 2279 αὐτῶν
577 2227 699 2298 κρατεῖν,
727 2218 865 2294 ῶστεάμα

100 2305 191 2372 νοήσει
212 2310 364 2379 κεκριμένον
391 2329 419 2362 τε
433 2308 478 2363 καί
492 2303 642 2364 άπτοιιστον
656 2303 738 2375 αάτῆς
751 2301 821 2362 εἶναι
835 2309 865 2362 τό

98 2382 186 2458 ἔργον.
215 2387 237 2442 εἶ
260 2391 288 2446 δέ
302 2412 337 2462 τῳ
352 2392 424 2446 δοκεῖ
439 2394 525 2446 ταῦτα
539 2393 585 2448 καί
599 2391 686 2447 πόνον
698 2392 802 2446 πολλοῦ
817 2390 864 2446 καί

98 2475 284 2544 πραγματείας
296 2476 412 2547 μεγάλης
431 2475 496 2549 ἔργα
522 2471 600 2546 εἶναι,
626 2475 672 2532 καὶ
683 2477 757 2547 μάλα
771 2472 864 2547 ὀρθῶς

98 2552 171 2607 δοκεῖ
190 2560 259 2611 κατά
282 2559 330 2612 τόν
343 2563 523 2631 Δημοσθένη·
549 2557 628 2617 οὐδέν
640 2562 694 2634 γάρ
708 2561 760 2615 τῶν
774 2562 862 2634 μεγά-

93 2638 151 2703 λων,
164 2640 270 2719 μικρῶν
283 2645 340 2701 ἐστι
355 2645 445 2703 πόνων
457 2640 554 2703 ῶνιον·
575 2639 633 2702 ἀλλ’
646 2647 693 2702 ἐάν
707 2646 861 2719 ἐπιλογίση·

28 2904 104 2918 a*
