1950 2954
112 181 164 235 222
276 174 437 227 DIONYSII
462 168 717 224 HALICARNASS.

114 275 255 356 ,ἄμεινον
286 276 304 337 ἃ
316 281 365 352 μέν
378 279 411 349 δή
424 279 518 355 Κῦρός
530 298 558 333 τε
571 277 617 334 καὶ
631 273 803 351 Καμβύσης,
832 299 888 337 πα·

114 368 184 437 ,,τήρ
197 386 224 420 τε
238 365 255 421 ὅ
268 367 339 436 τ’μύς,
359 368 482 438 Δαρεῖος,
496 363 709 436 κατειργάσαντο
723 361 790 434 [καὶ
802 383 887 437 προσ·

115 451 304 522 ,,εκτήσαντο]
319 450 404 518 ἔθνη,
432 449 615 517 ἐπισταμένοις
629 441 680 501 ούκ
695 441 730 500 ἅν
744 467 784 510 τις
798 450 887 521 λέγοι·

115 534 190 607 ,,έγιύ
209 529 252 597 δ’,
282 532 373 599 ἐπειδή
400 532 556 604 παρέλαβον
583 533 630 584 τὸν
643 531 758 605 θρόνον,
788 531 887 588 τούτου

115 620 301 690 ,,έφρύντιζσν,
331 613 401 677 ὅπως
424 616 462 688 μή
476 615 610 687 λεέψωμαι
630 616 681 669 τῶν
695 617 830 690 πρότερον
842 638 884 690 γε·

115 704 252 772 ,νομένων
265 705 293 755 έν
306 699 374 774 [τῇ]
390 699 453 772 τιμῇ
465 698 536 772 τήύε,
551 694 617 770 μηδ’
634 701 739 755 ἐλάσσω
750 702 885 807 πρρσκτή·

115 805 223 858 ,σωμαι
245 784 360 857 ύύναμιν
386 787 512 886 Πέρσαις.
544 783 689 856 φροντέζων
717 782 798 838 δέ’
771 787 885 860 εσρύσκω

115 866 192 967 ,,ύ’μα
209 870 260 970 μέν
287 864 409 932 κύύος
394 871 458 938 ημῖν
483 868 709 941 προσγινόμενον,
731 868 824 946 χώραν
843 890 882 942 τε,

115 942 166 1056 ,,ήη
192 956 240 1007 νύν
268 953 434 1025 κεκτήμεθα,
463 947 512 1008 ούκ
531 952 677 1023 έλασσσνα,
701 947 885 1024 ούύέφαυλο

115 1040 228 1111 ,τέραν,
260 1039 474 1111 παμφορωτέραν
492 1057 526 1102 τε,
553 1058 609 1106 αμα
627 1035 656 1090 ύέ
681 1039 811 1111 τιμωρίαν
839 1037 886 1094 καλ

114 1121 207 1192 ,,τλσιν
221 1124 372 1194 γινομένην,
401 1121 446 1176 dui
461 1120 491 1190 δή
507 1123 593 1175 ταῦτα
608 1123 655 1174 νύν
669 1117 738 1191 ὑμᾶς
750 1121 803 1196 ἐγὼ
816 1141 884 1177 συν-

114 1207 214 1270 ,,ε’λεξιι,
243 1205 296 1278 ἵνα,
322 1195 343 1260 ιλ
356 1206 518 1273 ύιανσούμαι
531 1206 672 1278 πράττειν,
699 1203 884 1278 ὗπσθῶύμῖν.

115 1291 234 1362 ,,μέλλω,
263 1290 349 1357 ζεύξας
363 1291 410 1344 τὸν
424 1284 636 1357 Ἑλλήσποντον,
664 1287 784 1344 ἐλαύνειν
797 1312 885 1365 στρα-

114 1376 182 1439 ,,τόν
197 1373 241 1428 ύιιλ
254 1377 301 1443 τῆς
314 1371 448 1449 Εὐρώπης
460 1373 505 1428 ἐπὶ
523 1376 570 1442 τήν
587 1370 718 1446 Ἑλλάδα,
744 1373 790 1429 ἵνα
803 1369 884 1444 Ἀθη-

114 1460 228 1524 ,,ναύσιις
241 1460 442 1532 τιμωρήσωμαι,
471 1455 524 1513 ὅσα
546 1458 578 1524 ύή
594 1459 758 1526 πεποιήκασι
772 1462 883 1533 Πέρσας

115 1564 162 1609 ,,τε
175 1543 221 1597 καὶ
235 1546 338 1617 πατέρα
353 1545 400 1598 τὸν
419 1544 493 1615 ἐμόν.
527 1541 609 1615 ὁρᾶτε
621 1542 670 1615 μέν
693 1540 725 1609 δή
748 1542 796 1597 καὶ
814 1546 883 1616 [πα-

113 1628 198 1699 ,,τέριι
212 1628 259 1681 τὸν
272 1628 354 1698 ἐμὸν]
370 1630 487 1698 Δαρεῖον
495 1625 727 1699 προθημούμενον
738 1628 883 1702 στρατεύε-

113 1715 204 1777 ,,σθαι
230 1710 274 1764 ἐπὶ
288 1711 350 1773 τούς
369 1707 471 1785 ἄνδρας
490 1710 616 1775 τούτους·
646 1707 704 1765 ἀλλ’
725 1710 740 1766 ὁ
751 1712 801 1781 μέν
815 1734 883 1768 τετε·

115 1794 253 1867 ,,λεύτηκε,
282 1793 327 1849 καλ
350 1789 400 1849 οὔκ
427 1790 549 1868 ἐξεγένετ’
571 1791 643 1866 αύτῷ
655 1796 883 1868 τιμωρήσασθαι·

113 1879 183 1954 ,,έγώ
198 1875 226 1933 τέ’
247 1877 313 1953 ὑπέρ
334 1873 355 1935 τ’
375 1881 478 1935 έκείνσυ
493 1879 538 1934 καλ
553 1882 604 1934 τῶν
616 1875 701 1934 ἄλλων
721 1884 837 1954 Περσῶν
851 1876 884 1936 σύ

112 1967 265 2039 ,,πρότερσν
280 1964 433 2034 παύσομαι,
462 1962 525 2037 πρὶν
539 1961 586 2018 έλω
601 1961 687 2019 τεκαὶ
706 1965 823 2035 πυρώσω
837 1967 885 2027 τιὶς

113 2041 260 2118 ,Ἀθήνας
288 2048 317 2103 οῗ
328 2070 358 2121 γε
371 2051 416 2117 ἐμέ
430 2069 456 2102 τε
476 2048 521 2103 καὶ
541 2051 645 2121 πατέρα
659 2050 706 2104 τόν
719 2051 785 2120 έμύν
798 2048 883 2123 ύπήρ-

113 2129 436 2202 ,,ξανύέύικαποισύντες.
464 2135 556 2205 πρῶτα
569 2133 618 2204 μέν
633 2129 668 2196 εἷς
695 2132 811 2206 Σάρδεις
835 2139 881 2190 έλ-

114 2218 230 2280 ,,θο’ντες
246 2213 301 2287 ἅμα
319 2212 492 2290 Ἀρισταγόρᾳ
512 2216 547 2289 τῷ
569 2219 708 2289 Μιλησίῳ,
738 2217 825 2291 δούλῳ
855 2218 884 2274 ύὲ

114 2295 258 2373 ,,ήμετέρῳ,
286 2304 434 2373 ἐνέπρησαν
447 2304 480 2353 τύ
495 2298 596 2368 τ’ύίλση
613 2300 657 2356 καλ
672 2303 705 2354 τσὶ
720 2299 794 2374 ἴεροέ·
823 2302 882 2357 δεύ-

114 2403 194 2453 ,,τερα
210 2384 252 2449 δὲ,
281 2384 347 2455 ύμιλς
367 2380 412 2440 οἷα
427 2384 552 2459 ἔδρασαν,
580 2383 616 2449 εἷς
628 2387 676 2455 τήν
687 2387 739 2456 γῆν
753 2387 803 2455 τήν
817 2407 883 2460 σφε·

112 2467 210 2534 ,,τέραν
238 2466 403 2540 ἀποβάντας,
431 2465 475 2525 ὅτε
488 2471 573 2533 Δάτις
598 2491 625 2524 τε
644 2468 689 2523 καὶ
705 2464 884 2546 Ἀρταφέρνης

101 2553 326 2632 ,,ἔο1ραῐήγσυν,
343 2555 496 2617 ἐπίστασθέ
507 2574 561 2611 ποι)
574 2557 679 2614 πάντες.
701 2553 805 2610 τούτων
818 2558 883 2627 μέν·

90 2664 163 2715 „tot
186 2641 272 2708 ἕνεκα
299 2645 475 2730 ἀνώρμημαι
500 2636 543 2700 ἐπ’
574 2634 675 2696 αύτούς
691 2635 898 2706 στρατεύεσθαι.
