1950 2954
117 116 152 170 ει,
280 83 441 162 οιὸιιυειι
458 108 713 161 ιιιιιοιιιιιιεε.

119 219 180 290 γάρ,
200 215 227 272 εί
237 237 261 271 τι
274 219 326 272 τῶν
337 216 439 288 μικρῶν
466 217 554 288 μεῖζόν
566 219 631 287 ἐστι,
653 216 697 269 διά
712 215 798 271 τοῦτό
812 219 885 272 ἐστιν

118 297 169 368 ήδη
191 302 276 373 μέγα·
303 295 360 355 ἄλλ’
386 302 451 354 εἴτι
468 301 520 355 τῶν
539 297 802 372 μεγιίλοινίιπιρέγιι.
839 302 885 374 γέ-

118 387 181 455 γονέ
200 405 227 438 τε
241 379 313 456 αὐτῷ
341 385 368 438 ιδ
383 385 526 456 προοίμιον
538 383 675 445 τοσαύτας
687 380 828 453 τίληφδς’
809 403 885 439 απο-

121 468 253 532 διικτικιίς
277 469 322 535 τής
354 467 508 538 προθέσεως
525 464 731 541 ἐξεργασίας,
720 467 829 541 ιστορία
848 486 887 528 τις

120 547 189 618 αὐτή
208 538 275 606 καθ’
303 549 396 618 αὑτήν.
434 548 461 603 οἶ
482 550 510 605 δέ
529 553 575 613 τάς
594 549 737 624 ρηιορικάς
750 553 887 615 συνταξά-

120 654 197 704 μενοι
217 637 315 701 τέχνας
337 635 555 735 παραγγέλλουσι
580 633 711 706 δείγματα
731 636 784 688 τῶν
798 637 888 709 λόγων

121 720 155 773 τά
173 718 303 792 προοίμια
331 721 426 783 ποιεῖν,
454 715 524 772 αὐτά
550 720 585 772 τά
603 717 737 789 κεφάλαια
755 719 888 791 τῶνμελ-
949 764 952 769 .

120 804 220 858 λάντοιν
238 801 392 869 δηλοῦσθαι
417 802 684 875 προσλαμβάνοντας.
701 796 718 856 δ
733 800 765 869 δή
779 801 828 857 καί
840 823 887 857 πι-

120 887 232 955 ποίηκιν
258 885 273 941 ὁ
294 883 362 962 άνήρ
376 883 420 940 ἐπί
437 885 471 955 τῷ
489 887 557 941 τέλιι
570 886 619 941 τοίι
634 885 799 958 προοιμίου,
826 888 888 957 μέλ-

121 974 172 1026 λων
188 965 322 1043 άρχισθαι
335 973 380 1039 τής
404 968 555 1041 διηγήσεως,
579 974 607 1026 ἐν
617 970 765 1035 ἐλάττοσιν,
793 965 889 1036 ήπικ-

120 1056 249 1125 τήκοντα,
276 1054 382 1121 στίχοις.
422 1046 488 1108 ολστι
509 1055 544 1107 τά
562 1054 653 1109 πολλοί
670 1056 759 1109 ἐκεῖνα
778 1052 826 1111 καί
839 1074 888 1109 κα·

121 1138 269 1208 ταβλητικά
288 1140 337 1192 τοῦ
362 1139 497 1209 μεγέθους
514 1140 559 1205 τῆς
572 1133 710 1204 Ἑλλάδος,
736 1132 787 1193 οάκ
800 1133 887 1212 άκαγ·

124 1222 204 1283 καίως
228 1216 300 1292 αὐτῷ
318 1223 515 1296 παρέλκεσθαι·
548 1214 591 1274 ὅτι
612 1223 681 1275 κατά
700 1223 747 1276 τδν
763 1221 886 1296 Τροιῖκδκ

121 1307 238 1376 πόλεμον
266 1300 342 1360 οὔπω
367 1302 500 1377 σύμπασα
525 1307 645 1360 έκαλιίτο
663 1305 702 1361 ίνί
728 1300 845 1375 δνόματι
870 1301 886 1375 ή

117 1386 225 1451 Ἐλλάς·
252 1389 297 1444 καί
323 1384 366 1442 ὅτι
384 1389 570 1460 περαιοῦσθαι
583 1390 679 1444 ναυσίν
697 1382 737 1442 ἐπ’
756 1385 888 1456 ἀλλήλους

121 1470 149 1527 οἶ
163 1476 263 1544 τροφῆς
276 1470 458 1547 άτιοροίμινοι
479 1467 607 1576 ήρξακτο·
626 1470 673 1527 καί
694 1473 886 1575 προσπίπτον-

121 1575 161 1617 τες
174 1552 317 1610 πόλισιν’
299 1554 511 1622 ατιιχίσιοιςκαί
525 1557 594 1610 κατά
609 1552 886 1628 κώμαςοίκουμέναις,

120 1634 255 1739 ήρπαζσν,
283 1636 329 1691 καί
342 1640 372 1693 τὸ
387 1641 513 1693 πλεῖστον
526 1660 576 1695 του
560 1640 652 1711 βίου
665 1642 794 1696 ἔντοσθεν
807 1645 886 1698 ἐποι-

122 1723 212 1777 οῦνιο
244 1716 320 1776 τίδ’
348 1709 380 1789 ήν
400 1719 550 1796 άναγκαίον
576 1723 637 1798 περί
660 1728 708 1793 τής
733 1720 886 1793 Ἀθηναίων

122 1807 239 1876 τρυφῆς,
265 1793 282 1879 ᾖ
310 1808 338 1862 τί
353 1808 469 1862 παλαιὸν
487 1809 615 1881 ἐχρῶντο,
641 1811 740 1880 λέγεικς
763 1803 886 1883 ὅτικροι-

123 1889 222 1961 βέλους
240 1911 267 1944 τε
293 1887 483 1960 άνεπλέκοντο,
512 1891 557 1947 καί
579 1894 699 1963 χρυσους
717 1893 837 1965 τέττιγας
852 1886 887 1949 τί·

122 1994 170 2039 χον
194 1973 238 2028 ἐπί
264 1977 322 2037 τοιῖς
350 1977 495 2045 κεφαλαις·
535 1973 581 2030 καί
603 1970 646 2030 ὅτι
668 1974 886 2048 Λακεδαιμόνιοι

123 2058 322 2128 ἐγυμνώθησάν
335 2078 363 2112 τι
389 2061 500 2132 πρῶτοι,
526 2058 571 2114 καί
584 2057 619 2124 εἷς
632 2060 662 2113 τδ
677 2061 795 2134 φανιρδν
810 2058 886 2116 άπο-

122 2139 225 2207 δέοντες,
248 2141 313 2196 λίπα
338 2143 405 2210 μιιά
418 2144 466 2196 τοῦ
479 2143 667 2215 γυμνάζεσθαι
679 2139 826 2214 ἠλείψαντο
831 2170 844 2209 ,·
870 2143 886 2199 ὅ

122 2224 149 2278 δὲ
170 2226 202 2294 δή
229 2225 365 2296 ναυπηγὸς
392 2225 407 2278 ὁ
421 2225 582 2297 Κορίνθιος,
606 2220 779 2297 Ἀμεινοκλῆς,
807 2227 823 2282 ὅ
837 2247 886 2282 κα·

120 2311 289 2372 τασκευάσας
307 2307 421 2379 Σαμίοις
441 2311 544 2383 πρῶτος
554 2310 681 2383 τέτταρας
693 2311 823 2384 τριήρεις·
839 2309 885 2365 καί

120 2390 135 2442 ὁ
161 2393 258 2458 Σάμου
271 2393 410 2463 τάραννος,
434 2394 620 2466 Πολυκράτης,
642 2391 791 2461 ὁῬήνειαν
808 2393 882 2466 ἑλὼν,

120 2471 164 2523 καί
192 2469 304 2537 άναθείς
324 2474 360 2546 τῷ
383 2470 524 2530 Ἀπόλλωνι
542 2475 578 2546 τῷ
590 2477 696 2550 Δηλίῳ·
722 2477 767 2531 καί
781 2477 808 2533 οἳ
823 2490 883 2534 Φοι-

115 2556 192 2620 καιῖς
218 2553 246 2610 οἷ
278 2559 444 2614 Μασσαλίαν
471 2556 636 2631 οἰκίσαντες,
677 2556 720 2614 ὅτι
743 2559 883 2629 ναυμαχία
941 2562 944 2569 '
