1950 2954
98 190 148 242 ΒΕ
166 187 226 254 IIS,
241 188 338 258 QVAE
356 189 509 243 THVCYD.
525 187 676 241 PROPRIA
694 189 796 242 svm.
832 194 868 250 59

97 294 135 367 τρῖ
145 294 279 366 έπιταφίῳ
291 290 308 363 ἦ
322 294 399 359 λέξις·
416 292 494 363 ,Τὴν
518 293 547 349 δέ
573 294 625 350 τῶν
649 293 775 349 ἐναντίων
786 314 863 367 τιμω·

97 381 178 452 ,,ρίον
192 380 390 451 ποθεινοτέραν
403 372 492 433 αάτών
505 379 646 451 λαβόντες,
674 374 721 433 καὶ
736 377 866 433 κινδύνων

97 458 182 535 ,,άμα
208 463 285 518 τόνδε
310 463 452 518 κάλλιστον
472 462 644 536 νομίσαντες,
670 462 865 532 ἐβουλήθησαν

97 546 243 619 ,,τοι“ιςμε“ν
268 550 456 620 τιμωρεῖσθαι,
482 548 534 601 τῶν
557 546 587 602 δέ
608 545 753 617 ἐφίεσθαι·
777 545 866 601 ἐλπίδι

99 631 175 707 ,,με“ν
204 632 236 684 τό
250 627 351 700 άφανές
376 633 425 685 τοῒι
452 631 638 704 κατορθώσειν
664 632 865 703 ἐπιτρέψαντες,

96 713 193 789 ,,έργῳ
212 716 240 770 δέ
262 715 385 789 περὶτοῦ
411 709 461 783 ἤδη
488 714 625 793 δρωμένου
651 713 746 784 σφίσιν
772 710 865 777 αὐτοῖς

97 794 253 865 ,,άξιοῦντες
270 800 449 855 πεποιθέναι·
477 801 505 853 ίν
522 798 558 870 τῷ
577 795 734 869 άμώνεσθαι
760 801 864 854 παθεῖν

97 883 226 954 ,μᾶλλον
251 878 432 955 ἡγησάμενοι,
457 878 476 948 ἢ
497 882 533 954 τῷ
546 882 665 943 ἐνδόντες
676 881 819 948 σώζεσθαι,
833 883 863 936 τό

94 964 296 1040 ,,μέναῖσχρόν
322 968 371 1021 τοῦ
398 967 483 1039 λόγου
496 964 606 1038 ἔφυγον,
633 966 664 1018 τδ
679 960 707 1018 δ’
735 964 814 1037 ἔργον
828 964 863 1036 τῷ

95 1049 219 1121 ,σώματι
237 1049 390 1120 ὑπέμειναν,
417 1048 463 1103 καὶ
479 1045 513 1105 δι’
534 1049 677 1116 ἐλαχίστου
703 1050 799 1121 καιροῦ
819 1048 864 1102 τδ-

96 1153 166 1203 „wc
192 1131 249 1206 ἅμα
278 1132 351 1208 άιιμῇ
377 1136 424 1202 τῆς
451 1132 527 1201 δόξης
550 1133 668 1206 μᾶλλον,
684 1127 763 1198 ἢτοῦ
778 1130 866 1204 δέους,

95 1215 346 1291 ,,οἰπηλλάγησαν.“
370 1217 485 1272 τοιαδτά
498 1220 554 1271 ἐστι
573 1216 621 1272 καὶ
646 1216 680 1270 τά
705 1213 767 1289 περὶ
781 1219 865 1281 θεμι-

97 1303 240 1366 στοκλέους
253 1300 380 1376 εἰρημένα
399 1304 428 1355 έν
441 1301 476 1374 τῇ
488 1300 580 1375 πρώτη
606 1301 706 1372 βίβλῳ
733 1294 799 1373 ,fur
811 1303 866 1374 γάρ

96 1383 139 1449 .,ὅ
160 1387 340 1456 Θεμιστοκλῆς
357 1385 525 1458 βεβαιότατα
552 1384 585 1453 δὴ
598 1383 704 1453 φύσεως
727 1381 805 1453 ἲοχέιν
819 1383 866 1453 δη·

97 1468 213 1539 ,,λώσας,
240 1470 287 1525 καὶ
301 1470 483 1544 διαφερόντως
496 1488 521 1523 τι
533 1471 559 1533 ές
575 1463 644 1524 αῧτδ
656 1468 759 1540 μάλλον
772 1470 864 1541 έτέρου

96 1547 190 1617 ,,ιί’ξιος
204 1555 361 1624 θαυμάσαι.
372 1551 459 1628 οἰκείρι
470 1554 524 1628 γάρ
537 1553 646 1617 ξυνέσει,
661 1549 707 1606 καὶ
720 1545 783 1608 οὔτε
796 1573 863 1626 προ-

96 1637 223 1706 ,,μαθών
247 1642 271 1700 ἐς
285 1633 370 1709 αὐτὴν
397 1632 489 1706 οὐδέν,
516 1631 574 1693 οὔτ’
588 1635 745 1709 ἐπιμαθὼν,
770 1638 821 1692 τῶν
836 1658 863 1693 τε

97 1725 281 1795 ,παραχρῆμα
305 1717 339 1778 δι’
365 1722 504 1791 ἐλαχίστης
521 1722 622 1794 βουλῆς
639 1722 780 1795 κράτιστος
792 1722 861 1796 γνώ·

101 1822 189 1874 ,,μων,
202 1805 248 1858 καλ
261 1806 312 1858 τῶν
324 1808 472 1874 μελλόντων
489 1802 534 1859 έπδ
551 1808 677 1859 πλεῖστον
690 1805 740 1858 τοῦ
752 1824 863 1878 γενησο·

98 1889 208 1955 „pirou
234 1882 345 1960 ἄριστος
372 1885 501 1954 εἰκαστής.
524 1882 603 1943 καλά
627 1887 677 1958 μέν
693 1888 762 1959 μετά
773 1891 864 1959 χεῖρας

101 1969 184 2040 ,,ἒ’χοι,
198 1968 245 2025 καὶ
258 1971 444 2044 ἐξηγήσασθαι
458 1963 514 2033 οἷός
527 1988 567 2023 τε·
597 1957 634 2023 ών
648 1970 677 2025 δέ
689 1965 800 2045 άπειρος
813 1973 863 2038 εἴη,

100 2057 210 2127 ,,ιιρῖναι
237 2053 334 2119 ἱκανῶς
354 2049 403 2109 οὔκ
430 2051 593 2122 άπὴλλακτο.
619 2054 651 2107 τό
671 2072 698 2107 τε
715 2049 865 2123 άμεινον,ἥ

101 2141 229 2213 ,,χιῖρον,
247 2139 325 2212 έντρλ
350 2135 451 2210 άφανεῒ
477 2136 516 2192 ἔτι
543 2134 680 2210 προεώρα,
699 2134 865 2208 καὶτόξὺμ·

100 2242 177 2288 ,,παν
191 2219 289 2289 εἶπελν,
317 2221 421 2293 φύσεως
433 2222 482 2292 μέν
495 2219 616 2290 δυνάμει,
630 2221 739 2290 μελέτης
753 2218 781 2272 δέ
793 2220 865 2293 βρα-

101 2305 230 2376 ,,χιἰτητι,
262 2312 404 2380 κράτιστος
430 2305 459 2360 δὲ
484 2291 564 2367 οὗτος
590 2299 807 2372 αὐτοσχεδιάζειν
833 2304 865 2356 τά

100 2390 216 2458 ,,δεόντα
230 2393 360 2465 έγένιτο.“

167 2477 215 2532 17.
242 2474 275 2529 Οἱ
289 2475 317 2530 δέ
327 2475 508 2551 μειρακιώδεις
525 2471 706 2544 σχηματισμοὶ
725 2473 777 2528 τών
791 2469 861 2527 άντι-

100 2562 189 2613 θένων
202 2557 289 2615 τεκαὶ
306 2559 466 2635 παρομοίων
487 2555 534 2613 καὶ
548 2557 730 2630 παρισώσεων,
744 2560 772 2612 έν
784 2549 824 2620 οἷς
838 2553 864 2611 οἱ

100 2641 161 2716 περὶ
174 2643 221 2697 τόν
235 2645 356 2720 Γοργίαν
381 2645 500 2717 μάλιστα
524 2643 699 2706 ἐπλεόνασαν,
717 2637 821 2709 ἣκιστα
833 2639 874 2691 τώ

860 2906 971 2926 -μ
