1950 2954
148 208 182 262 92
312 198 475 252 DIONYSII
492 195 750 251 HALchnNAss.

148 307 192 364 ίπί
206 307 322 363 πολύ”’
290 326 336 377 της
348 307 518 380 τετριμμένης
530 303 578 361 καί
603 304 694 372 κοινῆς
717 302 764 359 καὶ
780 303 925 373 συνήθους

149 389 239 448 ἅπασι
254 390 405 448 διαλέκτου.
442 391 490 455 τός
503 389 552 462 μὲν
566 408 616 444 ουν
631 383 814 461 όναγκοιίσς’
794 391 895 462 σρετας
907 410 924 458 η

148 480 213 541 λέξις
227 470 317 531 ου’τῶν
331 472 467 531 πόντων*
453 493 519 543 εχει·
537 471 584 528 καί
595 474 651 548 γόρ
662 472 784 546 καθαροὶ,
811 472 862 529 καὶ
875 494 924 529 σα·

149 563 214 632 φὴς,
242 558 288 615 καί
314 556 447 632 σόντομός
473 559 559 624 ἐστιν,
592 553 770 632 ἀποχρώντως
795 554 924 623 σώζουσα

147 645 195 698 τόν
220 642 292 698 ίδιον
318 643 432 742 ίκόστης
456 639 596 698 διαλίκτου
619 642 793 715 χαρακτῆρα·
819 642 870 704 τός
895 635 924 696 δ’

148 729 302 793 ἐπιθέτους,
326 729 352 790 ἐξ
365 745 402 781 ων
427 728 547 798 μάλιστα
574 719 727 791 διάδηλος
710 747 728 793 η
741 723 791 779 τοῦ
805 723 925 800 ῥήτορος

147 811 250 886 γίνεται
263 809 390 882 δύναμις,
404 830 469 866 συτε
482 807 600 880 ἅπόσας,
619 803 676 863 οὔτ
692 805 729 870 εἷς
740 802 828 880 ἄκρον
839 805 922 878 ἦκοίι·

149 916 205 959 σας,
232 889 288 950 αλλ’
315 891 409 967 όλίγσς
432 914 479 948 και
470 892 540 948 ἐπὶ
558 886 707 966 βραχό·
687 908 759 965 υψος
772 893 848 965 λόγω,
877 892 924 950 και

149 976 410 1052 καλλιρρημοσύνην,
436 974 482 1030 καί
508 975 736 1052 σεμνολογίαν,
729 972 777 1031 καί
802 979 923 1050 μεγαλο-

149 1064 293 1134 πρέπειαν·
322 1056 384 1118 σῧόι
412 1057 444 1127 δη
472 1059 562 1126 τόνον,
586 1055 651 1115 οὔόό
669 1044 762 1136 βάρος,
789 1054 923 1118 obdend-

148 1149 210 1212 θος,
239 1143 404 1220 διεγείροντα
417 1145 466 1199 τόν
479 1144 560 1199 νουν·
588 1138 651 1199 οὕδὲ
664 1145 723 1200 τόέ
710 1144 861 1218 ρἐωμὲνον
875 1143 922 1201 ιιοι

149 1229 294 1304 ἐναγώνιον
309 1248 431 1302 πνευμα,
457 1213 560 1294 όξόινο
545 1249 562 1296 η
577 1229 728 1329 καλουμένη
745 1228 850 1299 γίνεται
864 1227 922 1285 δει-

148 1315 235 1384 νότης,
260 1313 329 1381 πλην
342 1316 401 1379 ἑνός
409 1307 572 1386 Ἡροδότου.
600 1332 680 1377 ουτος
691 1311 720 1368 όε
735 1315 805 1367 κατὰ
819 1313 867 1382 τήν
881 1317 923 1368 ἐκ·

148 1399 280 1471 λσγὴν”
246 1419 298 1453 των
312 1393 468 1472 όνομιλτοιν,
495 1393 542 1452 καί
554 1395 670 1452 κατοί
639 1415 688 1465 την
701 1395 922 1464 σόνθεοιν,καὶ

149 1484 220 1539 κατό
233 1483 282 1550 τήν
305 1482 357 1536 τῶν
382 1481 575 1555 σχηματισμῶν
600 1479 748 1554 ποικιλίαν,
773 1478 922 1555 μακρᾷδῆ

149 1586 202 1619 τινι
213 1566 276 1629 τούς
288 1560 388 1629 ἄλλους
402 1563 592 1638 ὑπερεβάλετο,
618 1562 664 1620 καί
681 1563 865 1638 παρεοιιεόασε
889 1563 922 1638 τῇ

150 1649 277 1725 κρατίστῃ
291 1650 399 1718 ποιησει
424 1648 473 1715 τήν
498 1648 580 1717 πεζὴν
605 1650 708 1725 φράσιν
721 1648 821 1720 ὁμοίαν
844 1651 922 1721 γινί·

151 1737 230 1798 σθαι,
257 1734 373 1796 πειθοῦς
387 1752 424 1804 τε,
450 1730 498 1787 καί
508 1734 641 1806 χαρίτων
665 1733 712 1790 καί
724 1735 770 1803 τῆς
785 1729 822 1796 εἷς
834 1728 920 1808 όίκρον

150 1813 266 1887 ἡκούσης
282 1813 409 1886 ηόσνῆς“
393 1835 486 1871 ενεκσ·
514 1814 609 1891 ἄρετολς
627 1838 654 1872 τε
674 1821 720 1882 τοὶς
732 1819 861 1890 μεγίστας
875 1814 921 1872 καί

151 1903 344 1976 λαμπροτάτας
357 1901 450 1964 ἔξω
416 1921 468 1956 των
476 1902 631 2002 εναγοννίων
658 1896 737 1957 σόδεν
755 1904 782 1955 ἐν
808 1899 921 1966 ταόταις

152 1990 284 2043 ἐνέλιπεν·
312 1982 361 2042 εἴτ’
383 1980 434 2041 οὗκ
460 2006 491 2040 ευ
515 1983 639 2056 πεφυκός
662 1988 728 2058 πρός
749 1981 842 2086 αὐτός,
869 1987 920 2041 εἴτε

153 2092 220 2127 κατα
214 2072 364 2144 ’λογισμόν
378 2089 439 2125 τινα
453 2070 579 2132 ἑκουσίως
593 2065 780 2142 ὑπεριδών,ε
762 2089 797 2133 ως
808 2064 860 2138 οὔχ
872 2067 920 2143 ἆρ-

152 2158 308 2224 μοττουσῶν
330 2153 469 2231 ἱστορίαις.
496 2146 611 2208 οὐδὲ
576 2173 630 2225 γαρ
644 2152 824 2226 δημηγορίαις
847 2157 920 2209 πολ·

154 2241 212 2300 λαῖς
236 2237 251 2292 ό
278 2238 361 2314 ἀνὴρ,
396 2232 461 2293 οὐδ’
487 2237 644 2308 ἐναγωνίοις
670 2240 797 2310 κέχρηται
821 2236 920 2309 λόγοις,

154 2317 216 2377 οὐδ’
237 2326 264 2376 ἐν
283 2323 318 2394 τῷ
337 2322 485 2378 παθαίνειν
503 2320 550 2375 καὶ
567 2320 728 2377 δεινοποιεῖν
747 2315 782 2374 τοί
795 2321 920 2394 πρόγμα·

154 2425 205 2470 τα,
232 2425 280 2470 την
298 2377 412 2473 όῖλκην*
399 2425 457 2473 εχει.

219 2487 268 2543 24.
294 2487 386 2561 Τοότορ
400 2489 428 2543 δὲ
443 2488 475 2556 όη
491 2511 524 2544 το
517 2486 622 2563 ανόρί
637 2485 807 2556 θουκυδίδης
819 2490 921 2561 ἐπιβα-

155 2568 215 2634 λών,
244 2567 290 2623 καὶ
304 2593 360 2634 τοις
372 2568 471 2640 αλλοις
486 2560 522 2627 ὧν
547 2575 679 2675 πρότερον
698 2571 851 2643 ἐμνήσθην,
872 2571 919 2628 και

150 2648 314 2723 συνιδὼν,
295 2674 328 2720 σς
340 2676 450 2724 εκαστος
463 2653 553 2714 οὔτῶν
567 2656 639 2722 ε’σχεν
654 2655 757 2732 ἀρετάς,
773 2655 845 2710 λ’διόν
857 2676 920 2712 τινα
