1950 2954
162 155 183 206 8
282 145 447 201 momsfl
462 144 717 201 nAucAnNASS.
735 145 786 198 ΕΡ.
804 144 826 195 Ι.

229 253 257 311 4
287 240 374 318 Ουτος
391 249 523 329 ίγεννίηδη
542 253 590 328 μίν
608 251 721 328 ἐνιαυτηί
739 252 918 328 πράτιρον”
885 272 930 323 της

162 341 308 409 ἑκατοστῆς
319 335 516 412 Ὀλυμπιάδος,
544 332 673 415 άργοντος
687 337 716 393 δε
732 338 928 412 Τιμοκράτους,

162 422 200 487 είς
212 422 269 488 ἔτος
286 444 319 490 ην
336 423 489 496 ἐμβεβηκώς
507 423 753 529 ίπψραιδὲκατον·
782 421 930 494 δημοσίους

163 529 192 563 τε
204 502 330 578 idmst
313 509 410 582 ηρξατσ
421 508 538 612 γράφειν
550 507 595 565 ἐπί
605 501 846 583 Καλλιστράτοσ”
826 527 930 581 αρχον.

163 613 215 658 τος,
229 587 351 646 είκσστδν
365 590 412 646 καί
423 590 545 663 πέμπτον
559 590 624 662 ἔχων
637 611 703 656 στος.
722 588 770 646 καί
784 589 860 647 ἔστιν
873 586 930 646 αὗ·

162 679 212 731 τοῦ
225 675 329 747 πρῶτος
354 676 407 730 τῶν
420 679 447 730 ἐν
464 674 627 750 δικαστηρίῳ
649 677 926 732 κατασκευασθέντωι

161 757 272 833 άγώνισν
287 759 302 815 δ
315 762 385 816 κατά
395 754 593 836 Ἀνδροτίωνος,
613 755 646 814 δν
657 762 776 834 γέγραφε
788 758 931 837 Διοδώρῳ,

162 843 198 916 τῷ
212 843 330 917 κρίνοντι
345 845 376 901 τὸ
396 846 525 917 ψήφισμα
539 846 713 918 παρανόμων.
740 843 786 900 καί
799 846 869 900 κατά
883 845 930 899 τδν
968 901 971 908 ,

161 925 248 983 αδτδν
261 931 358 1003 χρόνον
372 924 458 1003 ίτερος
470 928 515 985 ἐπί
532 930 739 1003 Καλλιστράτου
751 923 897 1003 άργοντος,
913 926 931 984 δ

163 1011 288 1084 περὶτῶν
304 1010 441 1086 ἀτελειῶν,
462 1008 493 1068 δν
512 1009 594 1075 αάτδς
615 1011 735 1080 διέθετο,
751 1013 930 1087 χαριέστατος

161 1096 289 1153 ἁπάντων
302 1098 353 1151 τῶν
366 1098 451 1170 λόγων
465 1097 510 1153 καί
523 1097 735 1173 γραφικώτατος.
756 1093 799 1152 δαί
815 1095 844 1152 δὲ
857 1102 927 1154 Δια·

162 1182 250 1255 τίμου,
266 1182 315 1235 τοῦ
328 1182 397 1250 μετά
410 1182 629 1254 Καλλίστρατον,
647 1186 675 1237 ἐν
687 1175 841 1248 Ἀθηναίοις
852 1180 929 1257 πρῶ-

160 1287 211 1332 την
225 1258 282 1319 εἷπε
296 1261 508 1338 δημηγορίαν,
490 1287 506 1331 η
520 1267 719 1341 ἐπιγράφουσιν
733 1263 759 1320 οἶ
772 1267 835 1329 τούς
849 1269 930 1340 ῥητο-

161 1349 254 1448 ρικρδς
267 1347 383 1413 πίνακας
396 1350 586 1424 συντάξαντες,
608 1349 667 1423 περὶ
687 1351 738 1404 τῶν
754 1351 928 1424 συμμοριῶν·

151 1438 189 1503 ,ἐν
202 1455 219 1507 η
247 1434 389 1507 παρεκάλει
403 1432 466 1499 τούς
477 1426 646 1503 Ἀθηναίους,
659 1456 696 1506 μη
689 1433 827 1489 λύειν
795 1455 846 1501 την
860 1435 928 1508 πρδς

159 1519 273 1591 βασιλέα
291 1518 440 1591 γενομένην
465 1515 581 1620 ρίρὴνην,
595 1517 661 1590 μηδὲ
675 1520 822 1594 προτέρους
837 1512 929 1591 άρηειν

160 1623 210 1657 του
194 1602 354 1672 ”πολε’μοσ,
378 1604 425 1658 ἐάν
439 1603 475 1670 μή
491 1604 751 1678 παρασκευάσωνται
771 1603 819 1673 τὴν
833 1623 931 1658 ναυτι-

161 1706 211 1754 κην
226 1683 354 1758 διἰναμιν,
380 1673 580 1760 ἐνῇπλείστην
607 1681 714 1757 εἶχον’
704 1684 795 1756 ισχίιν
823 1687 931 1743 καίτδν
956 1756 958 1760 ρ

161 1771 309 1844 τρόπον’
278 1791 323 1837 της
341 1774 513 1845 παρασκευῆς
533 1767 613 1836 αδτδς
641 1770 815 1826 δπστίθεται.
842 1772 886 1828 ἐπι
900 1765 930 1822 δ’

163 1849 300 1925 Εὔδημον,
318 1856 368 1910 τοῦ
380 1877 448 1926 μετα
440 1857 594 1928 Διότιμον
609 1851 744 1930 ἄρξαντος,
758 1856 805 1911 τδν
820 1876 846 1910 τι
860 1855 930 1911 κατά

165 1940 350 2014 Τιμοκράτους
367 1942 448 2014 λόγον
474 1939 576 2014 ἔγραψε
598 1938 734 2017 Διοδώρῳ,
757 1940 791 2011 τῶ
806 1941 930 2043 κρίνοντι

160 2024 368 2098 παρανόμων
339 2045 386 2080 τον
405 2025 582 2096 Τιμοκράτην,
603 2022 649 2078 καί
669 2025 716 2078 τὸν
730 2023 792 2097 περὶ
806 2045 851 2092 της
865 2033 929 2080 Με-

158 2111 346 2181 γαλοπολιτῶν
357 2110 492 2181 βοηθείας
502 2101 717 2210 δημηγορικὸν,
701 2130 733 2164 σν
746 2103 859 2172 αὗτδς’
840 2108 928 2181 σιπί,γ

159 2194 236 2291 γειλε.
251 2188 362 2266 μονάδ’
376 2180 542 2272 Εὔδημον
527 2212 560 2260 ην
576 2187 795 2294 Ἅριστδδημσς”
776 2213 874 2264 αργων,
887 2184 928 2260 ἐφ’

160 2298 194 2332 ου
211 2279 261 2334 τῶν
274 2280 343 2333 κατἰλ
362 2268 502 2333 Φιλίππου
517 2275 688 2351 δημηγοριῶν
701 2272 809 2350 ἤρξατο,
824 2298 872 2331 και
861 2275 930 2328 λά-

159 2381 226 2433 γους
238 2365 267 2417 ἐν
280 2382 316 2435 τῳ
306 2360 404 2435 δήμῳ
417 2362 524 2417 διέθετο
546 2359 606 2434 περί
626 2363 672 2429 τῆς
689 2356 844 2429 άασστσλῆς
863 2364 930 2423 ξεττ·

160 2463 211 2497 κου
226 2445 426 2519 στρατεύματος
439 2445 485 2500 καὶ
500 2446 553 2499 τών
580 2443 645 2500 δέκα
664 2440 822 2521 [Γαδιτῶν]
850 2464 929 2518 τριη-

161 2526 214 2600 ρῶν
228 2524 265 2594 εἷς
284 2531 471 2588 Μακεδονίαν.
499 2528 627 2605 ἐντοίιτῳ
652 2530 686 2604 τῶ
711 2529 797 2600 χρόνῳ
812 2527 858 2583 καί
882 2526 928 2582 τδτ

157 2612 230 2665 κατά
254 2606 472 2692 Ἀριστοκράτους
491 2611 594 2688 ἔγραψε
615 2614 695 2687 λόγον
715 2608 874 2679 Εὗθυκλεῖ,
894 2609 930 2684 τῷ
