1950 2954
123 183 174 234 AD
185 180 241 232 CN.
250 179 356 231 POMP.
366 178 414 228 DE
425 176 580 230 PRAECIP.
591 179 796 233 HISTORICIS.
829 187 863 242 35

97 290 182 362 ,,γολρ
205 279 238 341 δι’
262 279 347 340 αιλτόν
372 285 577 358 ἐξερημωθῆναί
600 305 683 358 φησιν
708 281 862 354 Ἑλληνίδας

96 372 225 441 ,,νιολλιλς,
240 370 288 433 τιλς
300 369 350 441 μὲν
368 366 421 425 ὑπό
441 371 598 445 βαρβάρων,
611 372 660 434 τοὶς
673 365 704 424 δ’
718 368 772 425 ὕπό
785 371 861 439 σφῶν

97 452 213 522 ,,αιλιῶν,
229 453 276 509 καὶ
286 454 390 527 φυγσλς,
402 452 450 510 κοιλ
462 455 565 525 φόνους
589 451 753 528 ἀνθρώπων,
780 449 861 520 ὅσους

97 535 196 608 ,,σιλπω
208 539 339 612 πρότερον
351 540 490 611 γενέσθαι,
503 537 629 612 σεισμοιλς
641 559 670 594 τε
682 537 730 593 καὶ
743 535 861 611 αὐγμοιλς

96 623 161 698 „uod
187 624 299 688 νόσους,
327 621 374 676 καὶ
394 617 587 688 ιλλλλαςπολλολς
602 625 772 695 συμφοράς.“
797 619 862 679 αλστι

97 709 162 773 τοιλς
178 705 345 781 ολναγνόντας
362 709 393 762 τό
424 707 570 780 προοίμιον
582 704 782 780 ἠλλοτριῶσθαι
795 712 862 780 πρὸς

97 794 146 860 τὴν
162 784 474 858 δπόθεσιν,”Ελληνικῶν
492 793 639 863 μέλλοντας
663 789 781 846 ολκοιλειν.
808 787 862 864 ὅσῳ

98 877 127 932 δὲ
139 875 262 951 κρείττων
280 871 297 944 ἡ
311 877 344 930 τιλ
358 878 510 945 θαυμαστοί
523 873 588 949 ἔργα
603 875 722 944 δηλοῦσα
731 872 862 942 Ἐλλήνων

97 981 126 1016 τε
140 958 187 1015 καλ
200 960 349 1032 βαρβάρων
373 959 481 1033 γραφή,
512 963 559 1030 τῆς
571 961 605 1014 τοί
620 956 715 1031 οίκτριιλ
728 955 773 1012 καλ
788 956 859 1011 δεινο·

97 1046 177 1114 πάθη
192 1045 243 1098 τῶν
254 1038 384 1111 Ἑλλήνων
399 1042 620 1116 διαγγελλούσης,
637 1044 756 1114 τοσούτω
768 1062 851 1113 φρονι

96 1127 213 1231 μρλτερος
222 1122 370 1200 Ἡρόδοτος
389 1127 562 1183 Θουκυδίδου
581 1130 652 1184 κατιλ
677 1127 726 1195 τήν
751 1128 860 1198 ε’κλογην

96 1216 144 1280 τῆς
158 1211 321 1274 υιισθὲσεως.
336 1208 400 1311 ριλόὲ
417 1213 470 1285 γιλρ
484 1207 548 1268 οιλδὲ
562 1213 642 1268 τσιλιο
658 1211 756 1268 ἔνεστιν
769 1208 860 1284 ιλπιῖν,

98 1318 141 1352 οτι
156 1293 221 1350 δι”
203 1295 324 1369 ανάγκην
336 1282 421 1365 ηλθεν
435 1293 480 1350 ἐπὶ
497 1297 598 1365 ταιλτην
612 1318 661 1367 την
673 1296 790 1370 γραφήν,
805 1299 861 1351 ίαι-

98 1381 228 1451 στιλμενος
243 1382 332 1435 ἐκεῖνοι
357 1379 470 1451 καλλίω,
495 1381 661 1488 βουλόμεγας
674 1381 751 1437 δι’
715 1402 753 1453 μη
775 1376 862 1436 ταιλτιιλ

98 1467 196 1538 ἑτέροις
208 1465 332 1539 γράφειν.
352 1465 408 1520 πᾶν
420 1466 473 1537 γολρ
492 1461 664 1531 τούναντίον,
680 1469 708 1521 ἐν
718 1462 755 1538 τρλ
769 1484 861 1538 προοι·

97 1552 148 1622 αλῳ
162 1549 336 1622 διασδρωντιλ
348 1551 452 1605 παλαισλ
465 1548 538 1625 ἔργα,
555 1551 682 1607 κολλλιστα
696 1548 860 1622 καλθσυμσ·

98 1634 213 1690 οιώταια
226 1638 260 1688 τιιλ
275 1629 341 1689 καθ’
356 1631 440 1689 αὑτὸν
458 1637 662 1693 ίιτιτελεσθέντα
677 1631 761 1736 φησὶν
774 1628 859 1690 εἶναι·

97 1740 141 1772 και
132 1719 296 1789 φανερός’
283 1738 338 1771 εστι
352 1737 438 1771 ταυτα
451 1718 517 1773 ἑκὼν
527 1723 656 1793 ἑλόμενος.
671 1716 705 1775 οιλ
717 1719 771 1789 μὴν
781 1713 861 1793 Ηρό-

98 1801 176 1862 δοιός
188 1821 218 1873 γε
232 1802 296 1854 τοῖιν
297 1794 455 1865 ἐποίησιν,
480 1797 600 1857 σλλλολ
566 1825 616 1859 των
629 1805 683 1878 πρό
697 1798 782 1857 αιλτσῦ
797 1822 861 1902 συγ-

98 1886 223 1984 γραφέων
236 1883 384 1952 γενομένων
392 1877 552 1938 Ἑλλανίκου
563 1905 590 1940 τε
602 1906 649 1940 και
638 1886 841 1987 Χαίρωνος
812 1906 861 1951 την

99 1965 181 2036 ιιιλτην
197 1965 330 2021 ὑπόθεσιν
348 1962 594 2065 προεκδεδωκότων,
622 1965 670 2023 σιλκ
684 1965 858 2040 ἀπετράπετο,

96 2043 144 2106 ἀλλ
116 2047 336 2105 εαίστευσιν
351 2067 441 2104 αυτων
454 2050 577 2122 κρεισσόν
591 2071 618 2105 τι
644 2044 810 2114 ἐξοίσειν·”
794 2070 861 2122 οπιρ

96 2134 141 2197 καί
154 2135 290 2204 πεποίηκε.

159 2220 317 2293 Δειλτερόν’
304 2239 360 2273 εστι
375 2221 419 2285 τῆς
432 2215 567 2290 ἱστορικῆς
577 2215 762 2324 πραγματείας
774 2214 860 2291 λ’ργον,

94 2308 204 2383 γνῶναι,
232 2298 362 2358 πόθεν
339 2324 354 2356 τ
381 2299 522 2375 ιλλρξασθαι
541 2301 587 2358 καλ
608 2302 743 2377 με’γριτου
757 2304 860 2375 προελ-

94 2388 218 2445 θιλνδεῖ.
250 2389 378 2457 φαίνεται
392 2381 474 2453 δὴ’
438 2408 490 2442 καν
509 2386 595 2460 τοιλτρι
616 2384 789 2443 Θουκυδίδου
802 2407 860 2488 πρ·

97 2469 285 2549 λιλἪρόόοτος
311 2472 522 2547 φρονιμώτερος,
549 2466 578 2535 ὃς
595 2465 743 2576 αργεταίτ’
762 2465 810 2542 ἀφ’
829 2491 860 2540 ης

98 2555 184 2622 κίτίας
197 2552 310 2630 ἤρξαντο
324 2559 430 2665 αρρλτον
447 2557 537 2621 κακῶς
554 2560 643 2613 ποιειν
657 2556 720 2620 τοιλς
727 2549 860 2624 Ελληνας

97 2640 124 2697 οἱ
149 2644 300 2718 βάρβαροι·
327 2641 373 2698 καλ
399 2640 559 2717 προελθὼν,
585 2639 623 2708 εἷς
647 2643 696 2713 τὴν
720 2641 872 2716 βαρβαρων

603 2727 665 2780 02
