1950 2954
95 155 149 217 276
220 147 382 198 DIONYSII
399 143 744 231 HALICARNASSENSIS

97 254 240 328 ἐπιθυμῶν
260 253 288 308 δὲ
303 252 392 356 δόξης,
418 250 464 308 καί
483 253 532 307 τσῖι
554 254 705 358 πρφτεῶσαι
719 255 796 326 πυρά
811 255 866 309 τοῖς

95 333 391 410 Ελλησινέπίσοφίρι,
419 339 546 411 καθάπερ
572 332 652 402 αὐτός
678 337 799 409 εἴρηκεν,
822 335 865 392 ἐπί

99 426 131 480 τὸ
157 425 285 525 γράφειν,
313 416 332 476 ά
360 421 534 490 διανοηθείη,
558 423 719 496 κατέφυγεν·
746 415 779 476 σά
794 420 866 524 περί

100 510 201 586 μικρῶν
215 508 263 575 τήν
282 505 440 583 προαίρεσιν
465 504 632 606 ποισὺμενος,
661 502 724 562 οὐδὲ
743 504 868 606 περὶτῶν

101 590 176 648 ἰδίων
191 589 381 664 συμβολαίων,
408 585 502 646 οὐδὲ
490 592 557 658 νπὲρ
576 577 614 646 ῶν
632 585 709 646 άλλοι
727 591 795 669 τινὲς
816 593 867 644 τῶν

101 678 160 732 τότε
174 677 323 748 σοφιστῶν·
350 674 410 750 περὶ
432 674 459 729 δι’
480 676 530 728 τῶν
548 670 707 742 Ἑλληνικῶν
728 695 774 729 και
765 671 866 747 βασι·

101 763 180 816 λινῶν
209 761 393 835 πραγμάτων,
421 745 497 825 λξῶν
518 758 695 833 ὑπελάμβανε
712 778 759 822 τας
773 779 801 814 τε
811 780 865 814 πο

102 841 184 911 λεις”
165 867 276 916 μμεινον
289 841 459 914 οἰκήσεσθαι,
488 844 533 900 καὶ
547 844 611 910 τσδς
623 841 732 906 ἰδιώτας
744 842 867 898 ἐπίδοσιν

101 928 166 995 ἕξειν
180 928 278 1005 πρός’
259 930 366 1000 αρετήν.
392 931 479 985 ταῦτα
492 931 547 1002 γάρ
562 933 590 984 ἐν
606 950 640 1002 τρι
631 928 869 1001 Παναθηναϊκῷ

100 1018 171 1088 λόγῳ
184 1014 244 1088 περὶ
257 1013 343 1070 αὑτοῦ
361 1017 468 1088 γράφει.
498 1015 669 1087 πεφυρμένην
691 1010 721 1067 δὲ
738 1014 869 1086 παραλα-

100 1098 158 1172 ,θὼν
171 1100 220 1167 τήν
234 1094 347 1168 άσκησιν
361 1101 413 1154 τῶν
430 1100 518 1171 λόγων
539 1097 591 1154 άπὸ
605 1099 657 1151 τῶν
672 1096 733 1169 περὶ
746 1098 869 1172 Γοργίαν

6 1195 15 1207 “
100 1184 146 1239 καί
165 1185 352 1259 Πρωταγόραν
371 1184 521 1287 σοφιστῶν,
545 1183 648 1288 πρῶτος
666 1179 797 1256 ἐχώρησεν
813 1179 869 1238 άπὸ

100 1269 152 1321 τῶν
170 1268 306 1371 ἐριστικῶν
322 1286 349 1322 τε
369 1266 414 1322 καί
433 1269 554 1338 φυσικῶν
568 1265 613 1324 ἐπὶ
630 1266 693 1328 τούς
704 1266 869 1334 πολιτικοὺς,

101 1349 148 1405 καὶ
162 1351 222 1424 περὶ
230 1351 338 1449 ταύτην
353 1350 559 1417 σπουδάζων
531 1372 577 1421 τηι
591 1350 738 1423 ἐπιστήμην
754 1350 867 1407 διετέλε-

101 1455 162 1492 σεν·
186 1440 212 1499 εξ
226 1456 269 1503 ης
296 1455 331 1499 ως
345 1456 429 1508 φησιν
443 1430 539 1502 αυτὸς,
566 1438 596 1492 τό
615 1432 803 1510 βουλευεσθαι
821 1433 868 1493 καλ

101 1519 186 1594 λέγειν
213 1518 260 1574 καὶ
284 1521 412 1595 πράττειν
437 1521 471 1576 τά
498 1523 670 1597 συμφέροντα
689 1521 871 1596 παραγίνεται

101 1607 158 1667 τοῖς
181 1605 331 1676 μαθοῦσιν.
358 1605 568 1676 ἐπιφανέστατος
594 1603 623 1659 δὲ
649 1606 791 1679 γενόμενος
819 1607 871 1660 τῶν

101 1709 171 1742 κατα
164 1689 231 1744 τὸν
245 1683 361 1743 αὐτόν’
343 1690 524 1762 ακμασάντων
534 1690 641 1796 χρόνον,
665 1687 711 1744 καὶ
725 1690 788 1754 τοὺς
800 1711 871 1762 κρα-

101 1773 208 1835 τίστους
234 1773 285 1829 τῶν
308 1767 440 1844 Ἀθήνησί
464 1794 491 1828 τε
517 1773 563 1829 και
586 1777 614 1828 ἐν
629 1794 660 1846 τη
650 1768 744 1846 άλλη
759 1771 871 1828 Ἑλλάδ

101 1858 166 1912 νέων
181 1855 344 1922 παιδεύσας
379 1845 415 1914 ῶν
435 1857 522 1930 οἱμὲν
536 1863 564 1914 ἐν
577 1860 634 1921 τοῖς
648 1855 796 1922 δικανικοῖς
810 1860 869 1931 ἐγέ-

102 1961 179 1998 νοντο
194 1962 300 2014 αριστοτ
313 1944 410 2017 λόγοις
436 1939 503 1997 οἶδ’
519 1945 546 1997 ἐν
559 1963 596 2015 τω
587 1941 807 2000 πσλιτεάεσθαι
824 1940 871 1999 και

101 2025 134 2082 τά
148 2028 226 2082 κοινά
241 2028 367 2102 πράττειν
380 2027 530 2099 διήνεγκαν,
557 2048 603 2082 και
594 2021 694 2082 άλλοι
709 2026 738 2082 δὲ
751 2029 800 2091 τάς
812 2048 870 2083 κσι-

101 2112 148 2175 νάς
166 2113 218 2167 τῶν
228 2108 360 2180 Ἑλλήνων
374 2132 402 2166 τε
416 2111 461 2166 καὶ
472 2111 620 2185 βαρβάρων
634 2112 741 2184 πράξεις
754 2108 870 2187 άνίγρα-

101 2214 173 2266 φαν·
195 2196 240 2251 καί
254 2190 458 2264 τήςἍθηνιιίων
473 2199 572 2260 πόλεως
585 2193 676 2252 εἰκόνα
690 2196 807 2265 ποιήσας
820 2197 870 2264 τήν

100 2282 199 2337 ἑαυτοῦ
214 2281 319 2349 σχολήν,
336 2282 405 2336 κατά
416 2284 462 2345 τάς
475 2278 601 2346 άποικίας
612 2281 664 2335 τῶν
674 2282 770 2354 λόγων,
785 2281 869 2337 πλοῦν

100 2383 160 2428 τον,
187 2360 253 2420 ὅσον
272 2360 359 2428 οὐδεὶς
379 2367 431 2420 τῶν
445 2362 500 2420 άπὸ
514 2364 680 2444 φιλοσοφίας
688 2385 867 2442 χρηματισα-

101 2452 198 2521 μένων,
229 2452 486 2522 περιποιησάμενος,
519 2450 638 2506 ἐτελείετο
665 2450 714 2504 τόν
734 2451 799 2523 βίον
823 2447 867 2506 ἐπί

102 2533 274 2602 Χαιρωνίδου
289 2529 426 2607 ἄρχοντος,
454 2531 557 2608 ὀλίγαις
566 2531 677 2611 ήμίραις
689 2526 806 2609 ὕστερον
820 2534 866 2605 τῆς

92 2617 123 2666 ἰν
133 2619 294 2696 Χαιρωνείᾳ
312 2621 410 2694 μάχης,
439 2618 517 2676 δυοῖν
531 2618 627 2697 δέοντα
641 2617 782 2690 βεβιωκὼς
798 2621 863 2676 λκι-
916 2662 918 2669 -

858 2720 861 2727 ’
910 2700 918 2825 λ
