1950 2954
154 182 188 236 90
323 170 482 224 DIONYSII
501 168 755 223 HAchRNASS.

152 283 240 337 ταῦτά
255 285 326 337 ἐστι·
356 285 389 334 τά
403 279 432 335 δὲ
445 276 507 352 περὶ
520 281 553 334 τό
573 279 698 342 λεκτικόν,
727 263 788 350 ἐνῷ
804 279 927 348 μάλιστα

155 367 170 422 ὁ
184 365 322 439 γαρακτηρ
336 359 421 419 αάτοῖι
436 362 563 430 διάδηλός
575 365 641 427 ἔστι,
653 362 739 432 με’λλω
752 361 815 417 νυνλ
827 365 926 437 λέγειν.

154 449 258 523 ἀνάγκη
271 445 296 502 δ’
310 450 373 511 ἴσως
387 444 433 500 καὶ
446 445 507 521 περὶ
521 445 621 515 ταύτης
633 446 679 512 τῆς
691 441 764 510 ἷδάας
774 451 926 521 προειπεῖν,

155 532 190 595 εἰς
203 533 276 587 πόσα
289 533 354 602 με’ρη
372 529 541 604 διαιρεῖσθαι
554 531 673 600 πέφυκεν
687 525 703 599 ἧ
718 531 795 595 λέξις,
826 530 874 586 καλ
889 532 928 587 τλ-

155 636 202 679 νας
228 615 399 687 περιείληφεν
431 599 538 688 ἀρετάς·
577 613 669 670 ἔπειτα
702 611 836 684 δηλῶσαι,
870 618 928 680 πῶς

156 699 271 769 λγουσαν
286 693 372 764 αὐτὴν
398 696 414 751 ό
430 695 600 767 Θουκυδίδης
614 699 689 770 παρά
704 697 755 752 τῶν
767 700 824 770 πρό
838 693 927 754 αὐτοῦ

155 785 304 859 γενομένων
329 782 507 855 συγγραφέων
533 782 686 854 παράλαβε·
718 777 765 834 καὶ
784 781 846 837 τλνα
858 785 926 858 με’ρη

156 870 261 940 πρῶτος
277 864 402 920 ἁπάντων
423 866 581 938 λκαλνωσεν,
614 861 657 920 εἴτ’
678 863 723 920 λιτὶ
741 866 772 920 τό
792 869 926 940 κρεῖττον,

157 948 205 1008 εἴτ’
214 950 259 1006 sn>
273 970 303 1006 το
314 954 415 1025 χεῖρον,
440 950 524 1050 μηδὲν
537 948 778 1023 ἀποκρυψάμενον.

221 1040 268 1092 22.
287 1031 346 1091 Ὅτι
359 1034 409 1106 μὲν
423 1053 472 1088 ουν
485 1031 648 1098 άπασαλόξις
662 1030 697 1097 εἷς
711 1032 760 1088 δύο
774 1034 841 1108 με’ρη
857 1033 928 1090 διαω

159 1123 243 1191 ρεῖται
256 1122 290 1172 τά
304 1119 405 1191 πρῶτα,
433 1119 469 1182 εἴς
482 1139 509 1172 τε
524 1119 570 1187 την
584 1117 696 1190 ἒκλογήν
708 1118 761 1172 τῶν
775 1114 926 1189 ἀνομιλτων,

159 1200 202 1273 ὑφ’
220 1189 256 1257 ὧν
270 1202 400 1271 δηλοῦται
413 1202 445 1256 τά
459 1202 621 1277 πράγματα,
648 1199 695 1256 καλ
708 1199 745 1264 ελς
757 1202 806 1268 τήν
821 1202 931 1260 afim·

158 1307 201 1342 σιν
216 1287 266 1340 τῶν
279 1287 426 1342 ἐλαττόνων
445 1283 532 1341 τεκαὶ
544 1287 671 1356 μειζόνων
682 1287 797 1360 μορίων·
824 1285 873 1342 καλ
886 1282 928 1342 ὅτι

159 1370 261 1426 τούτων
279 1357 364 1433 αὖθις
384 1370 508 1442 ἑκάτερον
530 1366 566 1430 εἷς
582 1367 657 1442 ἕτερα
671 1370 755 1442 μόρια
770 1368 928 1446 διαιρεῖται·

159 1451 174 1521 ἦ
187 1455 236 1526 μὲν
250 1455 347 1527 ἐκλογὴ
363 1455 413 1507 τῶν
427 1453 600 1521 στοιχειωδῶν
613 1454 732 1525 μορίων,
761 1449 929 1526 ὀνοματικῶν
958 1470 961 1477 ·

159 1536 284 1610 λέγωκαὶ
298 1539 452 1608 ῥηματικῶν
466 1538 512 1593 καλ
526 1536 694 1602 συνδετικῶν,
725 1537 761 1601 εἴς
773 1557 800 1591 τε
813 1540 862 1607 την
877 1558 928 1594 κυ-

159 1622 220 1691 ρλαν
231 1620 344 1694 φράσιν,
373 1619 417 1675 καλ
437 1619 472 1683 εἷς
491 1623 537 1688 τη“ν
555 1621 699 1696 τροπικήν·
728 1617 784 1688 ἡδὲ
798 1621 929 1684 σύνθεσις

159 1706 195 1768 εἴς
222 1723 249 1756 τε
276 1705 310 1757 τά
337 1705 470 1775 κόμματα,
495 1703 541 1759 καὶ
559 1706 592 1760 τά
605 1707 685 1773 κῶλα,
713 1703 760 1758 καλ
773 1709 820 1769 τάς
833 1708 929 1779 περιδ-

159 1787 237 1849 δους·
264 1787 310 1842 καλ
324 1782 367 1841 ὅτι
381 1788 487 1852 τούτοις
500 1787 663 1863 ἀμφοτέροις
676 1789 844 1861 συμβέβηκε,
864 1793 930 1863 λέγω

160 1868 191 1938 δη
207 1874 263 1933 τοῖς
277 1891 304 1925 τε
318 1869 413 1936 άπλσῖς
430 1872 477 1927 καλ
490 1871 602 1944 ἀτόμοις
620 1869 743 1942 ὀνόμασι,
772 1873 818 1929 καὶ
832 1878 889 1941 τοῖς
902 1878 929 1931 όν

159 1954 261 2010 τούτων
288 1957 446 2026 συνθέτοις,
471 1961 504 2010 τά
528 1955 681 2027 καλούμενοι
708 1958 847 2028 σχήματα·
883 1958 930 2014 καλ

161 2035 204 2092 ὅτι
218 2040 268 2092 τῶν
282 2040 451 2112 καλουμένων
466 2038 566 2114 ἀρετῶν
580 2039 609 2095 αλ
628 2042 676 2110 μὲν
691 2038 758 2096 εἰσιν
770 2039 928 2115 ἀναγκαῖαι,

160 2118 363 2179 καλένάπασιν
390 2121 529 2194 ὀφείλουσι
556 2129 682 2199 παρεῖναι
696 2129 755 2188 τοῖς
769 2127 872 2199 λόγοις·
900 2125 930 2182 αἶ

162 2202 184 2260 δ’
200 2207 338 2262 ἐπίθετοι·
365 2208 410 2263 καλ
424 2204 493 2263 ὅταν
508 2208 659 2277 ὑφεστῶσιν
689 2207 719 2263 αἱ
730 2211 845 2282 πρῶται,
871 2213 930 2267 τότε

161 2292 209 2356 την
236 2293 337 2345 ἑαυτῶν
366 2290 442 2361 ἰσχὺν
467 2294 670 2366 λαμβάνουσιν,
699 2295 802 2366 εἴρηται
822 2297 930 2359 πολλοῖς

163 2375 302 2449 πρότερον.
331 2370 394 2431 ὥστ’
422 2372 501 2432 οὐδὲν
521 2378 563 2432 δεῖ
579 2376 640 2449 περὶ
654 2372 743 2432 αὐτῶν
758 2379 804 2448 ἐμὲ
817 2379 880 2435 νυνὶ
893 2383 931 2436 λε’·

162 2475 232 2525 γειν·
261 2453 321 2511 οὐδ’
340 2463 367 2522 ἐξ
392 2449 429 2516 ῶν
449 2463 633 2536 θεωρημάτων
649 2482 675 2515 τε
701 2460 748 2516 καλ
764 2465 930 2536 πραγμάτων

163 2537 265 2594 τούτων
281 2543 330 2594 τῶν
344 2541 444 2617 ἀρετῶν
457 2548 552 2614 ἑκάστη
567 2547 684 2619 γίνεται,
711 2549 815 2601 πολλῶν
830 2546 928 2603 ὄντων·

158 2618 208 2678 καλ
214 2624 271 2701 γάρ
286 2625 371 2683 ταῦτα
378 2629 424 2698 τῆς
439 2626 631 2706 ἀκριβεστάτης
642 2633 759 2696 τέτευχεν
766 2633 928 2704 ἐξεργασίας.
