1950 2954
269 152 317 202 DE
333 148 510 204 ISOCRATE
528 152 704 204 IVDICIVM.
815 157 867 214 285

98 261 201 318 θεῖσαν
219 255 367 313 πολιτείαν·
394 245 425 328 ἦς
451 258 500 325 την
515 258 673 336 προαίρεσιν
699 257 745 314 καί
762 260 796 313 τά
810 255 868 328 ἤθη

98 343 201 408 διεξιὼν
214 340 364 418 δεινότερον
376 345 426 415 μίν
440 337 572 418 ἡγεῖσθαί
596 366 665 416 φησι
679 344 743 408 τούς
755 340 808 400 τότ’
822 343 865 400 άν-

97 428 232 504 θρύπους
256 428 289 483 τδ
310 429 367 490 τοῖς
390 429 583 503 πρεσβυτέροις
605 427 748 497 ἀντειπεῖν,
775 425 793 497 ἢ
820 430 868 499 την

97 516 173 580 τάξιν
185 511 273 568 λύειν·
289 511 474 586 δημοκρατίαν
486 507 516 569 δ’
532 508 632 578 αύτούς
645 515 761 584 νομίζειν
774 508 808 571 ού
822 516 869 584 την

96 597 266 671 ἀκολασίαν,
281 593 349 652 ἄλλα·
361 599 411 664 την
424 599 617 671 σωφροσύνην·
636 601 667 654 τδ
682 594 710 653 δ’
725 598 871 675 ἐλεύθερον

95 679 147 740 σύν
161 687 191 740 ἐν
203 681 240 757 τῷ
253 685 436 757 καταφρονεῖν
450 685 503 737 τῶν
517 679 662 758 οίρχδντων,
676 680 732 740 ἄλλ’
746 689 774 739 ἐν
787 684 824 758 τῷ
837 687 871 740 τά

95 769 259 842 κελευόμενα
285 771 384 834 ποιεῖν,
409 769 557 824 τίθεσθαι·
584 769 708 834 ἐξουσίαν
723 766 745 824 τ’
771 763 871 825 οὐθενί

96 855 152 909 τοῖν
178 849 336 909 ἀκολάστων
362 848 529 930 ῖπιτρίπειν,
557 849 626 909 άλλιί
641 856 698 916 τοῖς
721 855 871 927 βελτίστοις

96 935 263 994 εῖνατιδέναι
274 939 323 1000 τάς
337 933 435 1010 είρχάς,
451 935 594 1004 τοιούτους
612 936 728 994 ἔσεσθαι
740 938 805 1002 τούς
816 936 869 994 άλ-

95 1026 162 1088 λους
175 1019 428 1096 ύπολαμβοίνοντας,
437 1014 545 1098 οἷοίπερ
557 1020 593 1078 άν
607 1009 672 1078 ὦσιν
686 1021 714 1078 οἶ
728 1023 777 1090 τήν
790 1024 868 1079 πάλιν

95 1107 278 1170 διοικοῦντες·
301 1103 363 1162 άντλ
390 1107 420 1164 δί
445 1107 495 1163 τού
522 1110 569 1173 τάς
582 1103 654 1172 ῖδίας
669 1103 764 1173 ούσίας
776 1111 805 1164 ἐκ
817 1109 869 1163 τίίν

96 1192 238 1266 δημοσίων
251 1195 442 1265 ἐπανορθοῦν,
459 1192 525 1256 τούς
537 1190 626 1258 ίδίους
639 1191 773 1259 πλούτους
786 1189 822 1257 τίς
835 1193 870 1248 τά

96 1280 177 1334 κοινά
190 1280 421 1350 ιιαταχορηγῆσαι.
446 1275 528 1351 χωρίς
551 1277 581 1333 δι’
596 1277 710 1349 τούτων,
726 1280 807 1333 πλείω
821 1281 869 1348 τήν

95 1361 250 1437 ῖπιμίλιιαν
257 1365 401 1418 ποιεῖσθαι
412 1362 477 1425 τούς
489 1364 606 1437 πατέρας
619 1365 671 1418 τῶν
686 1362 752 1420 υῖίιν
765 1358 870 1438 οῖνδρῶν

95 1450 255 1522 μενομίνων,
272 1444 289 1513 ἢ
303 1446 407 1501 παίδοιν
421 1445 506 1501 ὄντων
519 1448 681 1505 ἐποιοῦντο·
699 1450 869 1522 ἐνθυμουμί·

95 1552 169 1601 νους,
184 1530 218 1597 οῖς
232 1529 282 1588 ούκ
292 1536 319 1596 ἐξ
330 1535 428 1600 ἐκείνης
441 1534 487 1600 τῆς
498 1532 629 1600 παιδείας,
657 1529 713 1589 ἄλλ’
728 1536 756 1588 ίκ
771 1533 870 1599 ταύτης

97 1620 144 1687 τῆς
156 1617 334 1689 σωφροσύνης
346 1618 449 1689 μᾶλλον
462 1611 603 1687 ὠφελεῖται
617 1621 649 1672 τδ
663 1620 770 1673 κοινάν·
783 1620 869 1692 κρείτ-

95 1704 164 1770 ςονά
178 1723 206 1757 τε
221 1700 424 1775 ὑπολαμβάνειν
437 1703 471 1756 τά
488 1704 593 1777 χρηστά
607 1703 807 1773 ἐπιτηδεύματα
821 1705 868 1771 τῆς

99 1783 228 1862 άκριβούς
250 1787 429 1859 νομοθεσίας,
457 1790 639 1853 σκοποῦντας,
661 1782 797 1856 οὐχὸπως
810 1790 868 1852 ταῖς

104 1872 239 1945 τιμωρίαις
252 1872 315 1936 τούς
334 1870 541 1947 ἁμαρτάνοντας
567 1870 744 1945 ἀνείρξουσιν,
760 1866 818 1927 ἀλλ’
833 1870 868 1936 οῖς

110 1957 180 2025 ιηδὲν
194 1951 271 2019 άξιον
289 1957 382 2028 ζημίας
410 1952 523 2011 ἕκαστον
548 1955 729 2025 ἐπιτηδεύειν·
757 1954 868 2024 κοίτην

117 2043 145 2099 ίν
157 2041 280 2115 πατρίδα
296 2042 351 2096 δεῖν
379 2040 520 2112 οἰομένους
534 2040 560 2096 ἓν
573 2041 683 2115 ἐξουσίᾳ
697 2040 802 2113 διάγειν
816 2061 868 2113 με-

122 2128 175 2203 ίλη,
190 2129 247 2192 τοῖς
261 2120 291 2182 δ’
312 2124 432 2190 ἰδιώταις
445 2125 530 2199 μηδὲν
543 2128 640 2191 ἐξεῖναι
651 2128 748 2196 ποιεῖν,
764 2119 780 2182 ὅ
794 2146 820 2180 τι
833 2123 868 2182 ἂν

137 2213 220 2285 κάμοι
246 2211 380 2268 κωλύωσι·
407 2213 542 2285 καρτερεῖν
571 2210 600 2265 δὲ
626 2211 660 2266 τοί
674 2209 757 2276 δεινοί,
772 2207 819 2267 καί
831 2213 867 2283 μὴ

133 2298 297 2367 πλήττεσθαι
312 2301 370 2362 ταῖς
384 2299 546 2370 συμφοραῖς.

163 2385 191 2440 9.
220 2382 269 2446 Τίς
282 2376 311 2435 δ’
324 2379 359 2438 άν
371 2382 473 2453 μύλλου
486 2389 584 2436 πείσειε
599 2380 646 2437 καί
664 2380 742 2436 πάλιν
755 2379 801 2436 καί
816 2376 867 2436 δίν-

144 2468 225 2531 mov
240 2467 361 2542 ῥήτορος,
377 2466 501 2540 πολλαχῇ
526 2467 575 2539 μὲν
588 2465 635 2523 καί
648 2461 723 2542 άλλη,
750 2469 868 2539 μάλιστα

149 2556 166 2606 ’ν
184 2551 222 2625 τῷ
249 2552 317 2626 πρὸς
334 2552 573 2623 Λακεδαιμονίους
587 2553 831 2630 γραφέντιλδγιρ,
849 2547 890 2612 ὃς

156 2638 335 2713 ’ράφεταιμίν
344 2631 509 2715 Ἀρχίδαμος,
520 2635 668 2701 ύιτδδιστν
683 2640 716 2702 a}
730 2635 908 2717 malm*
