1950 2954
265 136 313 185 DE
329 135 503 188 ISOCRATE
523 137 696 189 ivoleml.
814 143 867 198 289

96 242 192 314 δεμίιιν
219 236 345 314 εὕρισκον
362 237 427 317 παρ’
447 238 585 318 οὖδετέρηι.
611 243 703 300 ἔπειτα
722 243 770 310 τήν
783 241 863 318 ἀκρί-

96 328 175 402 βειαν
188 328 236 393 τήν
249 327 392 384 διαλέκτου
405 332 451 397 τῆς
465 331 525 384 τότε
539 329 689 398 συνήθους,
704 327 749 384 καί
764 329 865 398 ταύτην

98 412 186 486 ἑώρων
211 410 311 486 όμοίαν
331 407 396 486 παρ’
422 410 592 488 ἀμφοτέροις.
606 418 673 486 μετά
686 407 761 468 ταῦτ’
775 416 866 468 ἐπελο-

95 498 220 570 γιζόμην,
248 492 290 551 ὅτι
304 499 360 559 τοῖς
372 498 476 571 κυρίοις
490 497 536 554 καὶ
560 500 691 567 συνήθεσι
706 497 752 553 καί
766 501 864 562 κοινοῖς

96 579 230 655 ὀνόμασιν
250 578 400 655 ἀμφότεροι
427 585 581 656 κέχρηνται·
607 579 669 653 ἡδ’
693 578 864 658 Ἰσοκράτους

96 667 169 730 λέξις,
184 667 382 739 προσλαβοῦσά
396 687 420 720 τι
435 669 480 735 τής
494 671 622 743 τροπικῆς
635 670 807 738 κατασκευῆς,
819 669 865 741 μί-

95 772 140 824 γρι
155 752 202 806 τοῖν
216 751 255 823 μή
269 753 389 820 λυπήσοι
402 754 534 826 προῆλθε.
554 754 600 821 ἰῆς
616 752 644 807 δὲ
658 753 806 824 σαφηνείας
818 751 866 809 καὶ

95 839 144 904 τής
157 837 301 909 ἐναργείας.
312 832 484 910 ἀμφοτέρους
503 839 610 911 κρατεῖν
623 834 817 910 ἀπεφηνάμην·
836 840 865 893 ἐν

96 920 127 975 δί
140 919 177 992 τῷ
190 921 329 994 συντόμως
341 921 463 994 ἐκφέρειν
477 924 511 977 τά
531 921 655 993 νοήματα
668 921 778 977 Λυσίαν
791 921 864 991 μάλ-

96 1007 145 1059 λον
157 1000 281 1078 ήγοίιμην
294 1007 497 1079 ἐπιτυγχάνειν·
521 1006 582 1081 περὶ
600 1007 648 1069 τάς
661 1001 782 1075 αὐξήσεις
792 1001 865 1060 Ἰσο-

96 1090 200 1161 κράτην
214 1090 374 1163 κατορθοῦν
388 1085 500 1163 ἄμεινον
512 1091 635 1146 ἐδόκουν.
656 1095 684 1146 ἐν
698 1091 734 1163 τῷ
748 1091 864 1164 συστρέ-

96 1194 159 1243 φειν
173 1175 206 1228 τά
225 1175 349 1244 νοήματα
376 1174 423 1232 καί
436 1175 606 1250 στρογγύλως
618 1178 738 1251 ἐκφέρειν
750 1173 786 1238 ὡς
799 1174 866 1248 πρός

96 1257 249 1328 ἀληθινοὺς
263 1257 368 1333 ἀγῶνας
380 1259 532 1328 ἐπιτήδειον
549 1263 659 1317 Λυσίαν
686 1257 862 1331 ἀπεδεχόμην.

96 1350 127 1400 ἐν
140 1345 199 1407 ταῖς
229 1341 390 1413 ἠθοποιίαις
403 1342 573 1418 ἀμφοτέρους
598 1340 722 1419 εὕρισκον
749 1345 863 1409 δεξιοὺς·

96 1431 145 1498 τῆς
159 1426 188 1483 δέ
198 1430 309 1503 χάριτος
320 1428 368 1484 καί
381 1432 426 1499 τῆς
439 1425 536 1499 ήδονής
556 1426 746 1504 ἀναμφιλόγως
765 1426 862 1484 ἀπεδί-

97 1514 166 1568 δουν
181 1516 215 1568 τά
242 1517 359 1588 πρωτεῖα
379 1515 482 1588 Λυσίᾳ.
507 1515 538 1568 τό
564 1514 763 1589 μεγαλοπρεπές
775 1510 864 1587 ἡρῷον

96 1593 162 1672 παρ’
173 1594 343 1670 Ἰσοκράτει·
366 1600 415 1653 τοῖν
427 1600 551 1655 πιθανοῦ
565 1600 610 1656 καί
624 1603 773 1672 πρέποντος
783 1595 865 1655 οάδέ-

96 1703 176 1758 τερον
200 1681 314 1738 ἐδόκουν
340 1681 550 1740 άπολείπεσθαι.
574 1688 606 1740 έν
623 1686 658 1759 τῇ
671 1686 800 1741 συνθέσει
814 1685 864 1738 τῶν

98 1764 239 1838 ὀνομάτων
253 1769 363 1823 Λυσίαν
389 1767 437 1838 μέν
464 1765 642 1845 ἀφελέστερον
667 1763 864 1844 ἱκρινον,’1σο-

98 1853 202 1927 κράτην
216 1851 246 1906 δὲ
259 1854 474 1927 περιεργότερον·
498 1853 543 1910 καί
552 1856 600 1909 τόν
612 1855 662 1925 μὲν
676 1858 722 1923 τής
735 1851 865 1921 ἀληθείας

97 1934 483 2013 πιθανώτερονεῖκαστήν,τόν
498 1939 525 1993 δὲ
540 1941 585 2007 τῆς
598 1939 763 2007 κατασκευῆς
777 1933 865 2005 ἀθλη·

97 2022 145 2090 τήν
159 2018 340 2096 ἰσχυρότερον.
839 2017 840 2020 “

160 2111 207 2166 12.
234 2108 330 2161 Ταῖιτα
343 2105 409 2176 ἔφην
419 2105 480 2180 περί
493 2108 539 2175 τῆς
566 2108 655 2168 λέξεως
669 2106 716 2173 τής
729 2106 864 2179 ἐκατέρου.

98 2193 150 2248 τῶν
175 2190 205 2246 δέ
231 2192 398 2264 πραγμάτων
421 2189 583 2264 ποιούμενος
606 2190 739 2254 ἐξέτασιν,
755 2189 803 2256 τήν
816 2189 864 2262 μὲν

98 2276 204 2352 είρεσιν
217 2277 384 2347 θαυμαστήν
403 2273 465 2347 παρ’
480 2273 585 2347 ἀμφοῖν
597 2274 797 2346 κατελαβόμην,
819 2273 863 2329 καί

99 2358 135 2418 ἴτι
148 2362 198 2430 τήν
212 2361 313 2434 κρίσιν·
340 2361 374 2434 τῇ
387 2359 417 2414 δέ
436 2362 507 2420 τάξει
531 2361 583 2415 τῶν
595 2360 803 2431 ἐνθυμημάτων,
818 2357 864 2414 καί

97 2449 152 2510 τσλς
164 2449 307 2517 μερισμοῖς
320 2448 373 2500 τῶν
383 2445 604 2519 ἐπιχειρημάτων,
617 2442 662 2499 καί
676 2443 711 2517 τῇ
723 2439 788 2500 καθ’
803 2441 862 2499 ἕκα-

97 2550 163 2587 στον
181 2524 253 2594 είδος
278 2531 429 2605 ἐξεργασίᾳ,
455 2533 513 2594 τοῖς
527 2525 547 2583 τ’
563 2525 653 2595 ἄλλοις
666 2524 757 2586 ἅπασι
769 2531 831 2590 τοῖς
844 2529 873 2580 ἐν

99 2616 132 2689 τᾷ
144 2616 325 2692 πραγματικῷ
338 2617 412 2688 τότιμ
424 2615 592 2691 θεωρήμασι,
619 2619 701 2698 παρά
716 2614 795 2675 πολὺ
808 2627 892 2684 προ-

134 2697 239 2745 ὓταννι.
258 2699 286 2744 Τ.
301 2697 327 2741 V.
633 2704 657 2751 T
