1950 2954
102 85 150 134 DE
168 82 291 133 ADMIR.
306 81 343 135 VI
358 81 743 138 DICENDIINDEMOSTH.
779 95 828 150 151

66 210 107 245 νει
122 188 158 255 δὲ,
171 191 199 244 όν
213 181 253 252 οἷς
266 186 408 263 όνραίζεταί
420 210 492 254 ποτε,
509 189 572 256 τοὺς
585 192 707 265 Γοργίου
719 196 831 267 νεαροίς

68 274 270 346 σχηματισμοὺς
295 273 425 342 ζηλοῦσα
452 275 486 329 τό
504 275 558 349 γιίρ
572 272 704 331 οίντίθετοί
731 297 758 331 τε
785 277 831 335 καί

72 359 175 433 πόρισα
182 400 193 425 ,
217 355 263 413 καί
277 360 310 411 τοί
324 358 499 432 παραπλήσια
511 358 630 428 τούτοις,
649 354 710 417 οὔτε
722 362 830 435 μετριό-

71 446 158 509 ζοντα,
174 438 239 498 οίίτε
252 442 337 514 καιρῷ
349 444 487 515 γινόμενα,
506 444 676 514 καταισχὺκει
689 446 737 515 τήν
749 466 831 519 μεγα·

69 528 231 598 λοπρίπειαν
247 522 336 594 αὐτῆς,
359 526 405 582 καί
415 525 454 581 ἔτι
466 528 567 597 μᾶλλον
584 532 613 583 ἐν
639 521 680 593 οἷς
705 530 752 598 τήν
777 525 832 586 εὖτ’·

71 630 150 665 πειαν
165 609 298 665 διώκουσα
313 609 360 665 καί
378 611 426 676 τήν
453 605 616 686 εὐρυθμίαν,
644 607 676 667 δι’
693 608 831 684 εὐλαβείας
900 614 901 617 ’

68 695 119 766 μίν
142 694 273 766 λαμβάνει
298 693 329 747 τό
360 695 527 768 συγκροῦσαι
557 698 590 749 τό
616 700 753 767 φωνήεντα
779 698 829 752 τῶν

69 781 247 853 γραμμάτων,
276 774 307 831 δι’
336 772 476 850 εὐλαβείας
496 777 524 833 δὲ
537 781 654 834 ποιεῖται
678 780 710 833 τό
727 779 831 852 χρήσα-

69 863 141 918 σθαί
154 883 206 917 τινι
231 863 283 917 τῶν
309 862 507 933 τραχυνόντων·
534 859 622 918 διαίτει
649 857 675 916 δ’
689 866 717 917 ίκ
732 863 832 927 παντός

68 950 173 1021 τρόπου
186 947 235 1014 τήν
249 943 393 1020 περίοδον,
408 939 471 999 οδδὲ
490 945 592 1015 ταύτην
605 945 773 1020 στρογγίελην
786 945 832 1003 καί

71 1031 180 1098 πυκνήν,
210 1026 262 1084 ἄλλ’
292 1028 466 1102 ὑπαγωγικήν
493 1049 554 1084 τινα
573 1027 618 1085 καί
634 1032 771 1099 πλατεῖαν,
786 1029 829 1087 τοί

72 1115 185 1176 πολλοὺς
196 1110 326 1189 οίγκῶνας,
343 1107 430 1185 ὥσπερ
444 1111 471 1168 οἳ
482 1114 520 1184 μή
534 1107 591 1169 κατ’
606 1107 717 1179 εὐθείας
730 1117 832 1188 ῥέοντες

71 1195 191 1268 ποταμοὶ
203 1199 339 1261 ποιοῦσιν,
354 1199 620 1271 ίγκαλλωπιζομίνήν.
640 1198 726 1252 ταῦτα
739 1199 829 1270 μίντοι

72 1280 192 1353 πολλαχῇ
205 1283 374 1356 μακροτέραν
389 1301 416 1337 τε
429 1275 515 1350 αδτήν
528 1285 601 1338 ποιεί
620 1280 666 1337 καί
683 1278 830 1351 ἀληθεστέ-

69 1384 134 1440 ραν,
154 1361 254 1434 όπαθή
280 1385 307 1420 τι
350 1407 357 1421 .
401 1405 409 1419 .
454 1406 461 1420 .
505 1364 551 1421 καί
564 1366 751 1440 πανηγυρικήν
764 1367 831 1436 μιλλε

69 1452 132 1519 λον,
158 1446 176 1517 ή
188 1448 343 1521 ἐναγώνιον.
367 1452 425 1513 τσίς
442 1447 470 1504 δὲ
495 1449 711 1526 παραδείγμασιν
739 1445 831 1522 ὀλίγον

69 1531 189 1609 ὕστερον,
206 1530 271 1589 όταν
285 1532 301 1590 δ
314 1534 406 1609 καιρός
418 1528 535 1608 ἄπαιτῇ,
560 1536 702 1608 χρήσομαι.

137 1622 176 1673 5.’
186 1615 227 1672 ‘H
236 1615 264 1672 δὲ
279 1619 478 1686 δήΠλοιτωνική
494 1617 629 1684 διόλεκτος
640 1618 770 1690 βούλεται
781 1617 830 1691 μίν

70 1695 140 1755 εἶναι
159 1697 205 1752 καί
231 1695 299 1768 αὗτή
321 1703 407 1806 μίγμα
421 1703 549 1773 ἑκατέρων
575 1704 627 1757 τῶν
649 1703 829 1776 χαρακτήρων,

71 1804 120 1837 του
144 1802 170 1835 τε
186 1779 292 1853 ὖιμήλσίν
312 1782 358 1837 καί
377 1784 486 1852 ίσχνου,
514 1786 642 1856 καθάπερ
668 1784 772 1856 ειρήταί
783 1804 832 1854 μοι

71 1868 215 1944 πρότερον
242 1860 395 1934 πέφυκεδ’“
400 1862 449 1934 οὐχ
462 1863 560 1966 ὁμοίως
572 1863 682 1964 πρδς’
665 1866 831 1939 αμφοτερους

70 1953 136 2013 τούς
147 1952 319 2054 χαρακτῆρας
331 1945 449 2018 εὐτυχής.
470 1942 536 2003 ὅταν
551 1950 601 2021 μίν
614 1968 665 2002 ουν
679 1951 726 2017 τήν
739 1945 830 2016 ίσχνήν

70 2057 116 2092 και
107 2032 214 2107 οἲφελή
230 2032 276 2089 καὶ
291 2029 423 2102 αποίήτον
435 2031 579 2106 ἐπιτηδεύῃ
592 2032 701 2106 φράσιν,
717 2034 832 2096 ἐκτόπως

70 2117 173 2187 ήόείό’
160 2139 216 2174 εστι
230 2138 275 2173 και
265 2116 491 2190 ‹paldvssqunoc
506 2117 619 2191 καθαροί
634 2111 732 2192 [τε]
698 2138 751 2190 γαρ
764 2111 830 2169 οίπο·

70 2207 189 2278 χρώντως
201 2205 304 2304 γίνεται
326 2199 372 2257 καί
398 2198 575 2276 διαυγής,
554 2220 643 2274 ωσπερ
657 2204 691 2257 τοὶ
705 2198 832 2270 διαφακέ

71 2308 158 2344 στατα
182 2290 233 2341 τῶν
258 2287 398 2357 ναμάτων·
425 2282 537 2360 οίκριβής
563 2306 590 2340 τε
609 2307 654 2340 και
644 2283 751 2352 λεπτή
768 2277 830 2357 παρ’

71 2368 199 2441 ήντινοίιν
213 2372 304 2445 ἑτέραν
317 2373 368 2426 τῶν
382 2367 418 2434 τίς
430 2372 478 2440 τήν
491 2365 575 2437 αυτήν
590 2365 763 2425 διολλυκτον’
741 2389 830 2471 ειργα·

72 2458 184 2527 σμένων.
212 2456 259 2523 τήν
278 2476 305 2509 τε
328 2457 473 2526 κοινότητα
492 2453 583 2512 διώκει
608 2457 661 2510 τότε
691 2451 854 2524 ονορίιτοεν,

64 2538 116 2591 καί
128 2541 176 2604 τήν
187 2539 342 2609 σαφήνειαν
353 2538 451 2618 οίσκεῖ,
469 2546 564 2616 πόσης
577 2539 764 2619 ὓπερεδυῖεσα
776 2545 873 2584 κατα·
