1950 2954
168 175 185 227 6
269 166 430 218 DIONYSII
448 165 699 218 HALICARNASS.
721 168 773 218 ΕΡ.
793 166 815 219 1.
907 186 911 195 ·

168 272 245 328 ἕνεκα
258 271 305 329 καλ
318 272 370 328 τῶν
382 273 484 328 λοιπῶν
496 269 677 346 ἀποδέχομαι,
699 273 851 346 ἐθαόμασσ
858 315 867 341 ,
888 272 935 331 καλ

168 359 252 421 πολύς
271 362 299 412 ἐν
325 357 430 430 ἐμαυτῲι
456 358 610 429 γενόμενος,
634 359 834 431 ἐπιμελεστέρας
859 351 936 432 ᾤμην

75 499 77 504 ,
171 442 282 497 δεῖσθαι
294 444 409 514 σκέψεως
423 441 453 494 τό
466 441 586 512 πρᾶγμα,
593 441 636 517 μή,
644 463 709 497 ποτε
727 443 823 511 λέληθέ
834 463 868 513 με
881 438 934 498 τά-

171 528 253 596 ληθὲς
267 521 352 588 οὕτως
366 524 438 600 ἔχον,
450 523 496 578 καί
511 521 588 579 οὐδέν
601 523 658 593 εἲκῆ
672 525 708 598 τῶ
721 523 802 599 άκόρλ
815 528 934 601 εἴρηται·

171 610 215 664 ένα
229 608 246 678 ἢ
258 608 368 683 μαθὼν,
381 603 423 663 ὅτι
436 610 598 683 προτεροῦσι
611 612 663 664 τῶν
677 611 877 681 Λημοσθένους
891 611 935 666 λό·

170 713 224 768 γων
239 691 267 747 αἱ
285 687 478 768 Ἀριστοτέλους
496 695 598 760 τέχναι,
626 693 691 750 ἑνῶν
709 692 899 766 μεταδοξάσω·
918 691 936 762 ἢ

170 773 334 833 τούναντίον
348 778 487 853 φωράσας,
500 779 547 846 την
561 776 649 845 δόξαν,
664 773 698 845 ἢν
712 781 844 853 πρότερον
853 775 938 844 αὖτίς

170 858 256 932 ἴσχον,
272 861 421 935 βεβαιώσω,
442 861 487 918 καὶ
501 863 547 917 τόν
560 856 645 926 άλλως
658 864 794 937 ἐγνωκότα
805 861 851 918 καλ
863 866 935 939 γρά-

171 966 224 1019 ψαι
236 966 267 1019 γε
282 949 547 1020 παρεσκευασμένον,
577 945 642 1021 πρὶν
669 948 705 1013 τίς
717 945 797 1015 ὄχλον
809 946 936 1003 ἐκδοῦναι

171 1033 202 1086 τό
216 1031 357 1105 σύνταγμα
362 1074 370 1099 ,
389 1033 550 1104 μεταβαλεῖν
566 1031 687 1102 πείσαιμι
700 1032 748 1100 τήν
762 1030 850 1094 δόξαν.

235 1127 262 1178 2.
290 1111 345 1170 Οὔκ
358 1116 499 1185 ἐλαχίστην
512 1113 541 1170 δι’
551 1136 600 1188 μοι
622 1114 667 1170 καὶ
681 1115 714 1172 σύ
734 1116 870 1188 παρέσχου
891 1118 937 1190 ρο·

172 1200 225 1266 πήν
240 1197 275 1263 εἷς
289 1200 319 1252 τό
344 1201 382 1270 μή
406 1200 543 1275 παρέργως
569 1201 689 1263 ἐξετάσαι
714 1201 763 1267 την
789 1193 937 1268 άλήθειαν,

172 1284 338 1359 παρακαλῶν
370 1282 503 1358 φανεροὺς
529 1286 643 1353 ποιῆσαι
667 1282 730 1347 τοδς
748 1283 869 1357 λόγους,
897 1276 939 1347 οἷς

172 1369 290 1437 ἐμαυτόν
308 1368 438 1423 πέπεικα·
461 1369 659 1440 Δημοσθένους
685 1364 850 1439 ἀκμάζοντος
875 1361 936 1440 ἤδη,

173 1450 219 1507 καὶ
233 1451 295 1514 τούς
309 1453 540 1523 ἐπιφανεστάτους
566 1447 703 1527 εἰρηκότος
729 1448 849 1526 άγῶνας,
877 1452 937 1506 τότε

174 1531 218 1589 ὕπ’
230 1529 424 1608 Ἀριστοτέλους
437 1537 483 1599 τάς
497 1536 639 1611 ῥητορικάς
664 1537 822 1610 γεγράφθαι
836 1538 936 1605 τέχνας.

173 1618 272 1682 ἐδόκεις
285 1621 313 1674 τέ
324 1640 374 1691 μοι
387 1620 433 1675 καὶ
446 1621 525 1675 τοῦτο
541 1616 630 1694 ὀρθῶς
657 1622 812 1693 παραινεῖν,
838 1621 876 1692 μη
891 1640 938 1689 ση·

172 1704 265 1775 μείσις,
277 1700 344 1774 μηδ’
360 1700 453 1776 εἰκόσι,
464 1698 533 1776 μηδ’
548 1701 702 1776 άλλοτρίατς
715 1706 745 1758 τό
760 1703 875 1777 πρᾶγμα
889 1725 935 1758 πι-

173 1787 334 1843 στώσασθαι
352 1789 521 1863 μαρτυρίαις,
538 1786 629 1855 ἐπειδὴ
642 1786 745 1841 τοότων
756 1783 872 1858 οὐδεμία
886 1789 937 1842 τῶν

173 1872 290 1928 πίστεων
306 1866 340 1926 δι’
354 1871 508 1944 οἶναγκαίων
525 1874 669 1944 συνάγεται
688 1872 848 1946 λημμάτων·
876 1865 937 1927 ἀλλ’

173 1951 256 2012 αὐτόν
275 1951 435 2029 Ἀριστοτέλη
454 1959 646 2031 παρασχέσθαι
666 1954 712 2013 διά
730 1957 781 2011 τῶν
800 1952 877 2010 ἰδίων
891 1974 936 2010 τε-

172 2043 240 2112 χνῶν
254 2039 440 2114 ὁμολογοῦντα
457 2039 574 2109 τάληθές
595 2035 678 2103 οὕτως
703 2040 777 2110 ἔχειν.
804 2041 887 2095 τοῦτο
905 2038 938 2106 δὴ

173 2126 316 2193 πεποίηκα,
337 2127 457 2197 βέλτιστε
481 2120 599 2199 Ἄμμαῖε,
623 2127 669 2192 τῆς
682 2118 704 2179 τ’
719 2121 849 2193 άληθείας
865 2144 935 2197 προ-

173 2209 331 2278 νοούμενος,
360 2204 393 2277 ἣν
407 2208 451 2264 ἐπὶ
464 2211 563 2272 παντὸς
587 2209 679 2279 οἴομαι
695 2207 750 2263 δεῖν
776 2208 938 2282 πράγματος

173 2295 356 2360 ἐξετάζεσθαι,
384 2293 429 2349 καί
443 2296 489 2363 τῆς
502 2291 628 2349 ἁπάντων
642 2294 694 2347 τῶν
706 2291 770 2366 περί
784 2292 846 2354 τούς
863 2294 938 2347 πολι-

174 2378 262 2440 τικοὺς
278 2379 374 2451 λόγους
387 2377 595 2434 ἐσπουδακότων
605 2372 730 2450 χάριτος·
743 2375 788 2432 ἵνα
801 2377 839 2449 μὴ
855 2369 939 2431 τοῦθ’

173 2459 356 2533 ὑπολάβωσιν,
370 2457 412 2518 ὅτι
425 2463 516 2518 πάντα
528 2462 695 2537 περιείληφεν
707 2455 936 2535 ἧΙΙεριπατητικη

174 2545 325 2615 φιλοσοφία
338 2547 372 2602 τά
385 2548 515 2622 ῥητορικά
530 2547 755 2621 παραγγέλματα·
771 2542 817 2600 καὶ
832 2539 897 2599 οὔτε
911 2540 938 2600 ολ

170 2626 233 2703 περί
254 2626 395 2708 θιόόωρον
423 2632 467 2688 καὶ
496 2631 679 2710 Θρασύμαχον
705 2627 751 2684 καλ
774 2624 940 2700 Ἀντιφῶντα
