1950 2954
127 184 175 234 DE
194 181 347 236 THVCYI).
365 185 505 236 HISTOR.
523 183 696 237 IVDICIVM.
773 190 808 246 63

64 310 136 357 ιντα,
164 289 210 344 καὶ
230 292 297 346 κατό
316 290 364 358 τὴν
390 289 506 363 δύναμιν
531 291 739 347 ἐξασθενοῦντα.
761 289 807 346 καί

64 369 104 430 ῦδ’
119 361 198 440 οῦτος
210 370 306 446 ἡμῦςό
322 377 452 451 λογισιιός
463 372 596 444 εἰσῆλθεν,
609 370 652 430 δτι
666 374 806 444 παρόδοξα

64 463 212 530 νινοτομεῖν
238 461 385 535 πράγματα
411 461 513 534 πρῶτοι
532 457 578 514 καὶ
591 461 671 529 μόνοι
685 458 803 529 δόξομεν,

64 547 103 598 ’τι
117 545 168 598 τῶν
183 540 236 599 ῦπδ
254 543 429 600 Θουκυδίδου
453 546 611 618 γραφέντων
625 545 807 613 συκοφαντεῖν

64 629 253 699 ιιβαλοίμεθα·
268 624 300 683 οῦ
313 631 373 693 ταῖς
385 631 489 692 κοιναῖς
500 630 597 702 μόναις
606 626 807 701 ἐναντιούμενοι

64 714 135 777 ίξαις,
151 707 184 775 ῦς
198 706 320 778 ἅπαντες,
340 718 368 767 έκ
387 716 436 767 τοῦ
447 714 557 786 μακροῦ
567 715 669 787 χρόνου
683 713 806 783 παραλα-

64 798 139 860 ίντες,
156 793 357 869 ἀναφαιρέτους
371 795 486 864 ἔχουσιν,
512 793 579 852 ἄλλό
593 796 639 851 καί
653 799 711 858 ταῖς
726 793 805 859 ίδίαις

64 881 92 933 ῦν
106 881 323 950 ἐπιφανεστάτων
335 882 493 951 φιλοσόφων
507 900 534 934 τε
548 879 594 934 καί
605 881 724 953 ρητόρων
736 900 806 953 μοιρ-

64 963 146 1037 ιρίαις
179 962 371 1028 όπιστοῦντες·
407 963 436 1019 οἳ
461 964 563 1018 κανόνα
595 967 640 1031 τῆς
672 960 805 1036 ἱστορικῆς

64 1048 225 1120 ραγματείας
239 1051 341 1104 ἐκεῖνον
357 1045 538 1103 ῦποτίθενται
562 1048 610 1101 τόν
634 1039 732 1118 δένδρα,
760 1045 805 1100 καί

64 1132 237 1203 Ξςπερὶτούς
263 1135 418 1196 πολιτικοδς
444 1133 542 1203 λόγους
570 1131 719 1198 δεινότητος
733 1125 805 1204 ὅρον.

64 1238 75 1270 ν
90 1210 153 1269 οῦτε
168 1217 336 1290 προαιρέσεις
350 1213 469 1290 ἰσχυρός,
496 1214 595 1278 ταύτας
612 1214 643 1282 δή
659 1217 706 1276 τοὶς
719 1218 802 1269 ε’πιτι-

64 1299 129 1366 ιἰσεις
145 1297 339 1359 οίπολόσασθαι
364 1301 542 1371 βουλόμενος,
566 1299 679 1368 έγοῦσας
693 1319 716 1352 τι
730 1300 805 1353 θεα-

64 1383 138 1448 ιικόι·,
155 1383 199 1439 καί
214 1386 264 1439 τῶν
283 1386 388 1439 πολλῶν
402 1381 523 1458 οίγωγόν,
548 1383 609 1458 περὶ
622 1384 670 1455 μέν
684 1384 804 1454 ἐμαυτοῦ

64 1467 171 1522 ισοῦτον
186 1465 394 1543 ἀρκεσθήσομαι
414 1469 499 1540 μόνον
513 1465 605 1539 εἶπεῖν,
623 1462 665 1522 ὅτι
679 1468 709 1520 τὸ
721 1467 803 1535 φιλό-
881 1474 887 1483 “

64 1572 126 1607 ἰκον
140 1556 221 1608 τοῦτο
237 1554 283 1609 καὶ
299 1552 399 1629 δῦσιρι,
414 1553 460 1608 καὶ
475 1552 682 1625 προσυλακτοῦν
696 1547 754 1625 εἰκῇ
766 1572 804 1605 τι·

64 1657 90 1700 ν,
104 1641 132 1691 έν
148 1638 229 1693 παντὶ
243 1640 445 1712 πεφυλαγμένος
462 1638 499 1712 τῷ
512 1637 563 1710 βίῳ
577 1638 654 1710 μέχρι
669 1636 716 1690 τοῦ
731 1655 803 1710 παρ-

64 1741 125 1786 ιτος,
154 1722 198 1776 καὶ
212 1719 341 1792 οὐδεμίαν
355 1721 500 1785 ἐκδεδωκὼς
513 1723 630 1795 γροιφὴν,
646 1707 704 1794 ένῇ
720 1741 805 1786 κατη-

64 1807 112 1875 νρῶ
125 1825 202 1870 τινος,
220 1804 264 1866 ἔξω
277 1808 338 1877 μιᾶς
351 1807 547 1879 πραγματείας,
573 1799 607 1874 ἣν
621 1807 804 1874 συνεταξάμην

64 1888 108 1960 σέρ
122 1891 167 1954 τῆς
181 1891 317 1955 πολιτικῆς
329 1887 493 1958 φιλοσοφίας
511 1890 578 1960 πρός
602 1888 665 1950 τοῦς
678 1888 803 1958 κατατρέ·

64 1992 135 2033 ιντας
148 1965 230 2039 αὐτῆς
245 1968 351 2034 οίδίκως,
379 1967 428 2024 οῦκ
448 1967 482 2024 όίν
495 1971 651 2042 ἐπεχείρησα
665 1970 715 2025 νῦν
728 1971 804 2044 πρῶ-

64 2079 86 2109 ιν
106 2052 142 2118 είς
168 2056 215 2108 τόν
238 2056 450 2126 ἐπιφανέστατον
477 2053 528 2107 τῶν
554 2054 731 2125 συγγραφέων
755 2054 804 2120 τήν

64 2135 98 2193 λε’
124 2142 277 2214 ἐλευθέροις
302 2135 386 2205 ἤθεσι
413 2139 584 2206 πρέπουσαν,
617 2130 674 2189 οὔτ’
700 2134 806 2206 ἐμαυτῷ

64 2225 149 2292 σνήθη
171 2224 340 2291 κακοήθειαν
364 2220 621 2277 ἐναποδείκνυσθαι.
636 2217 696 2292 περὶ
714 2217 742 2272 δέ
757 2219 804 2272 τοῦ

64 2310 132 2371 ἕνους
151 2311 196 2377 τῆς
221 2311 327 2382 γραφῆς
353 2308 463 2362 πλείονα
476 2306 525 2377 μέν
538 2299 608 2374 εἶχον
620 2305 713 2375 λέγειν,
728 2298 803 2373 οίρκε·

64 2393 182 2464 θήσομαι
199 2389 225 2447 δ’
250 2390 358 2464 ὀλίγοις.
378 2389 442 2446 εἶδέ
457 2388 627 2460 οἷληθείςκαί
654 2387 803 2461 προσηκον-

64 2500 85 2542 ις
104 2475 211 2549 έμαυτῷ
237 2472 393 2550 προῄρημαι
416 2477 526 2549 λόγους,
552 2472 584 2530 σῦ
599 2493 626 2528 τε
642 2473 744 2547 κρινεῖς,
759 2469 804 2525 καί

64 2565 90 2616 δν
102 2555 189 2616 ἄλλων
204 2563 359 2636 φιλογόγων
372 2557 489 2624 ἕκαστος.

105 2650 131 2702 3.
148 2641 224 2701 ’Ἐστι
252 2644 284 2714 δη
298 2646 329 2700 τό
343 2644 468 2719 βούλημά
484 2663 537 2718 μου
562 2646 610 2713 τῆς
621 2640 816 2715 προηρσκκλσς
