1950 2954
100 176 133 232 ⁴6
218 171 381 223 DIONYSII
397 167 744 223 HALICARNASSENSIS

101 278 145 334 καὶ
154 277 320 353 μακρότεραί
333 278 401 342 τινές
413 274 465 351 εἶσι
482 278 533 332 τῶν
545 278 671 351 μακρῶν,
694 276 741 332 ναὶ
755 277 866 350 βραχέι-

102 384 175 435 τεραι
187 363 238 418 τῶν
250 363 393 436 βραχειῶν.
402 359 477 417 ἔσται
490 361 519 418 δέ
533 361 615 416 τοῦτο
628 363 745 436 φανεράν
757 361 802 418 έπλ
815 365 867 417 τῶν

101 448 332 522 παραδειγμάτων.

160 529 351 605 Ὀμολογεῖται
369 530 416 600 δή,
442 531 572 606 βραχεῖαν
590 523 660 585 εἶναι
673 531 820 603 συλλαβήν,
834 526 870 602 ήν

101 619 173 672 ποιεῖ
185 619 291 686 φωνῆεν
305 615 394 688 βραχέι
402 617 536 690 [γράμμα]
544 614 574 670 τά
589 613 652 683 ο,ῶς
665 617 766 688 λέγεται
777 611 866 682 Ὀὅός

101 700 184 774 ταύτῃ
199 701 377 773 προστεθήτω
390 697 417 756 ἓν
429 704 542 774 γράμμα
557 701 609 754 τῶν
631 694 776 772 ἡμιφώνων
792 701 821 754 τὸ
836 723 863 774 ρ,

101 783 146 839 καλ
159 785 280 858 γενέσθω
293 780 401 848 ‘Podar
414 787 486 857 μένει
498 785 546 857 μέν
559 781 597 839 ἔτι
609 785 724 859 βραχεῖα
738 779 754 852 ή
768 786 867 839 συλλα-

99 871 153 943 βή,
179 869 249 936 πλήν
267 865 441 940 σῦχὸμοίως,
470 865 532 925 ἄλλ’
554 865 602 932 ἔξει
615 869 675 924 τινά
689 869 865 942 παραλλαγήν

100 952 197 1028 άκαρελ
213 955 288 1030 παρά
302 954 350 1021 τήν
365 955 506 1026 προτέραν.
532 951 570 1008 έίι
590 954 767 1029 προστεθήτω
783 951 867 1026 ταύτῃ

35 1041 38 1045 ’
100 1040 150 1092 τῶν
165 1035 281 1109 άφῶνων
292 1039 458 1111 γραμμάτων
471 1040 502 1092 τά
517 1058 539 1101 τ,
554 1035 601 1092 καὶ
611 1039 734 1111 γενέσθω
752 1038 867 1111 Τράπος·

99 1125 194 1194 μείζων
209 1117 278 1192 αὕτη
294 1125 344 1177 τῶν
357 1125 494 1196 προτέρων
508 1120 583 1177 έστοι
596 1122 752 1194 συλλαβῶν,
767 1120 814 1178 καὶ
827 1119 878 1178 έτιΙ

97 1208 212 1279 βραχεῖα
225 1207 304 1278 μένει.
319 1207 410 1280 τρίτον
422 1201 446 1278 γ’
461 1204 500 1261 έτι
509 1207 622 1281 γράμμα
635 1206 669 1279 τῇ
682 1202 752 1280 αὐτῇ
766 1208 864 1262 σνλλα.

98 1291 136 1364 βῆ
150 1290 328 1364 προστεθήτω
341 1291 372 1343 τά
386 1310 411 1356 σ,
427 1289 472 1346 καὶ
484 1293 608 1364 γενέσθω
622 1291 762 1364 Στράφος·
777 1290 866 1365 τρισὶν

99 1371 168 1443 αὕτη
181 1371 390 1447 προσθήκαις’
372 1378 519 1478 ακουστμλς
543 1376 700 1450 μακροτέρα
724 1375 866 1480 γενήρεται

98 1463 142 1528 τής
155 1458 462 1558 βραχυτάτης,μένουσα
471 1458 508 1515 έτι
518 1461 643 1534 βραχεῖα.
656 1454 757 1516 οὖνοῦν
771 1461 864 1516 τέσσα-

98 1564 125 1615 ρ
128 1565 140 1606 ς
154 1562 237 1598 αυται
252 1541 377 1616 θραγελας
395 1545 530 1616 συλλαβῆς
556 1541 732 1618 διαφοραὶ
703 1564 750 1611 τήν
764 1539 866 1599 άνάλο-

97 1648 148 1698 γον
166 1627 276 1696 έγουσαι
299 1629 431 1696 αἴσθησιν
462 1632 508 1698 τής
527 1630 712 1730 παραλλαγῆς
727 1629 835 1701 μέτρον.
849 1627 865 1682 ὁ

99 1711 128 1765 δὲ
143 1709 224 1775 αὐτὸς
237 1712 315 1783 λόγος
328 1733 373 1766 και
363 1710 475 1768 ἐνθ’
444 1733 489 1782 της
504 1712 622 1815 μακράς.
647 1708 663 1781 ή
677 1713 730 1785 γάρ
742 1716 771 1768 ἐκ
786 1713 833 1767 τοῦ
848 1734 865 1780 ή

97 1796 224 1868 γινομένη
238 1796 366 1866 συλλαβή,
378 1798 471 1871 μακρά
480 1799 527 1865 τήν
541 1796 626 1866 φύσιν
640 1783 719 1867 οὖσα,
734 1798 865 1870 τεττάρων

97 1881 261 1953 γραμμάτων
275 1882 446 1953 προσθήκαις
464 1883 687 1955 παραυξηθεισα,
701 1882 780 1983 τριῶν
792 1901 865 1956 προ-

99 1965 278 2036 ταττομένων
306 1967 363 2029 ένάς
378 1965 432 2020 δε“
421 1969 647 2039 σποταττομένου,
664 1959 763 2021 ναθ’“
747 1986 780 2032 ην
793 1968 865 2038 λέγε-

98 2071 141 2104 ται
156 2050 256 2118 Σπλήν,
271 2046 398 2121 μελζων’“
378 2069 412 2105 αν
427 2049 516 2119 δήπου
532 2043 678 2124 λέγοιτο
652 2070 722 2105 ειναι
735 2051 782 2118 τής
794 2070 864 2150 προ-

98 2137 174 2209 τέρας
187 2135 329 2203 ἐκείνης’*
297 2155 342 2205 της
354 2136 596 2237 μονογραμμάτου.
620 2137 765 2206 μειουμένη
780 2129 808 2189 δ’
827 2119 863 2189 αά

98 2221 180 2275 πάλιν
203 2215 300 2275 καθ’
286 2242 314 2276 εν
327 2218 440 2276 ε’ναστον
454 2221 506 2275 τῶν
519 2221 722 2294 προστεθέντων
733 2221 863 2294 γραμμά·

98 2323 162 2368 των,
177 2325 224 2368 τας
236 2305 280 2360 ἐπι
303 2299 452 2361 τοῦλαττον
478 2304 653 2378 παραλλαγάς
679 2300 864 2371 αλσθητάςάν
891 2321 895 2331 ’

96 2386 159 2456 έγοι.
183 2385 257 2443 αἶτέα
272 2387 301 2442 δέ
314 2382 371 2458 ήτις
385 2388 441 2446 ἐστὶ
454 2391 502 2444 τοῦ
512 2388 578 2459 μήτε
591 2390 638 2454 τάς
649 2390 753 2462 μακράς
768 2390 861 2462 ‘afim'-

95 2492 147 2526 νειν
162 2472 209 2540 τήν
223 2473 325 2528 ἑαυτῶν
351 2473 435 2546 φάσιν
458 2475 535 2546 μέχρι
546 2473 712 2548 γραμμάτων
727 2473 796 2530 έπτά
809 2495 861 2545 μη-

94 2558 253 2629 κυνομένας,
270 2557 337 2629 μήτε
359 2561 405 2623 τάς
423 2558 568 2634 βραγελας,
595 2555 630 2622 εἷς
643 2553 671 2613 έν
685 2554 740 2613 άπὸ
755 2561 860 2614 πολλῶν

91 2642 258 2715 γραμμάτων
271 2646 487 2717 συστελλομένας,
511 2645 648 2701 ἐκπίπτειν
661 2645 706 2711 τής
717 2642 858 2717 βραχύτη-
