1950 2954
97 184 134 243 94
268 179 430 232 DIONYSII
447 175 699 230 HALICARNASS.

98 308 142 342 οιν
156 283 313 343 ἀκολουθία
324 286 474 343 πλανᾶται·
497 286 544 349 τάς
569 284 598 339 δὲ
617 286 669 340 τῶν
681 282 867 358 ὀνοματικῶν,

98 367 115 435 ἢ
125 372 289 443 μετοχικῶν,
303 371 414 432 πτώσεις
432 369 497 424 ποτὲ
508 371 559 437 μὲν
571 369 639 442 πρός
653 368 683 422 τό
697 374 869 444 σημαινόμς.

98 474 147 511 νον
163 451 217 509 άπὸ
231 454 280 510 τοό
291 454 469 525 σημαίνοντος
482 448 666 526 άποστρόφων,
679 454 745 507 ποτὲ
759 454 787 509 δι’
800 459 870 531 πρός

98 540 128 594 τό
143 540 276 608 σημαῖνον
286 534 342 591 άπδ
355 538 405 591 106
419 537 636 608 σημαινομένου·
649 539 678 592 ἐκ
689 535 718 591 δὲ
729 541 788 603 τοῖς
801 559 869 595 συν·

100 621 211 684 διτικοῖς
227 621 343 685 καὶτοῖς
363 623 537 695 προθετικοῖς
549 620 662 695 μορίοις,
678 620 726 676 καί
739 620 778 676 ἔτι
791 625 868 695 μᾶλ-

98 708 145 760 λον
159 708 187 760 ἐν
200 708 256 770 τοῖς
269 704 436 782 διαρθροῦσι
447 705 496 769 τάς
508 706 560 760 τῶν
573 701 713 776 ὀνομάτων
728 704 865 778 δυνάμεις,

98 790 213 857 ποιητοῦ
240 790 343 864 τρόπον
369 789 563 854 ἐνεξουσιάζων.
590 791 702 844 πλεῖστα
728 785 757 844 δ’
777 785 815 845 άν
828 813 868 856 τις

98 869 172 947 εὕροι
185 867 249 947 παρ’
264 869 338 946 αότρλ
354 874 477 948 σχήματα
483 915 491 940 ,
517 873 666 945 προσώπων
682 867 706 927 τ’
726 870 867 950 άποστρο·

98 961 172 1029 φαλς,
188 956 235 1013 καὶ
246 960 349 1033 χρόνων
362 961 529 1032 ἐναλλαγαῖς,
557 957 605 1013 καί
618 957 736 1013 τοπικῶν
748 960 867 1031 σημειώ·

98 1062 165 1097 σεων
176 1045 345 1116 μεταφοραῖς
367 1042 545 1116 ἐξηλλαγμένα
569 1043 622 1096 τῶν
645 1040 790 1111 συνήθων,
818 1043 867 1101 καί

97 1128 274 1232 σρλοικισμῶν
306 1127 479 1199 λαμβάνοντα
509 1125 679 1198 φαντασίας·
720 1125 812 1183 ὁπόσα
839 1150 866 1184 τε

97 1212 218 1283 γίγνεται
244 1211 390 1286 πράγματα
415 1207 476 1267 άντί
490 1211 629 1283 σωματων,
642 1230 659 1277 η
675 1209 787 1283 σώματα
801 1209 866 1269 άντι

96 1295 275 1369 πραγμάτων·
299 1294 344 1350 καὶ
368 1290 411 1366 ἐφ’
432 1272 467 1351 ών
494 1291 739 1367 ἐνθομημάτων“
709 1316 738 1350 αι
763 1297 867 1367 μτταξά

97 1376 300 1450 παρεμπτώσεις
328 1376 426 1434 πολλοι
447 1380 595 1454 γινόμεναι,
623 1377 669 1435 διά
695 1381 845 1437 πολλοῦ
813 1402 865 1449 την

98 1458 272 1517 ἀκολουθίαν
298 1464 468 1534 κομίζονται·
488 1464 522 1519 τά
542 1464 691 1530 τοσκολιά,
718 1484 765 1521 και
755 1463 863 1522 πολύ·

96 1549 198 1612 πλοκα,
226 1546 272 1602 καὶ
299 1545 476 1614 δυσεξέλικτα,
500 1544 546 1602 καί
561 1568 594 1602 τα
587 1542 725 1604 άλλατά
743 1553 863 1626 συγγενῆ

96 1629 211 1694 τούτοις.
233 1626 307 1702 εἱίροι
322 1625 387 1682 6’'
368 1650 402 1685 αν
416 1652 451 1694 τις
465 1626 513 1685 οόκ
528 1627 606 1705 ὀλίγα
620 1631 665 1687 και
683 1632 735 1688 τῶν
749 1638 863 1707 θεατρι-

96 1716 148 1769 κῶν
162 1714 303 1784 σχημάτων
318 1714 423 1786 κείμενα
437 1709 500 1788 παρ’
526 1711 614 1770 αὐτῶ·
640 1718 687 1779 τάς
700 1717 864 1791 παρισώσεις

97 1799 174 1871 λέγω,
204 1797 248 1853 καὶ
275 1798 488 1872 παρονομασίας,
514 1798 560 1855 καί
586 1797 752 1864 άνιιθὲσεις·
781 1795 863 1868 ἐναῖς

95 1884 238 1937 ἐπλεόνασε
252 1882 398 1956 Γοργίαςό
409 1886 563 1949 Λεοντῖνος,
579 1884 625 1939 καί
639 1883 666 1940 οἱ
676 1881 738 1958 περὶ
752 1886 860 1951 Πῶλον,

96 1964 316 2038 καὶΑικὺμνιον,
344 1967 391 2023 καί
416 1968 510 2024 πολλοὶ
534 1962 612 2023 άλλοι
637 1961 758 2023 τῶνκαά
774 1964 862 2024 αότόν

96 2047 285 2121 άκμασάντων.
294 2049 459 2121 ἐκδηλότατα
472 2047 496 2105 δ’
512 2048 598 2108 αότοό
609 2051 859 2126 καλχαρακτηρικώ-

95 2137 164 2189 τατά
183 2139 248 2207 ἐστι,
261 2138 293 2191 τό
306 2156 333 2190 τι
347 2137 496 2210 πειρᾶσθαι
511 2131 545 2192 δι’
559 2137 702 2205 ἐλαχίστων
717 2132 860 2208 ὀνομάτων

95 2221 207 2274 πλεῖστα
221 2220 361 2290 σημαίνιιτ
366 2221 542 2324 πράγμριτα,
566 2240 612 2274 και
603 2218 712 2275 πολλά
726 2222 860 2277 συντιθέ-

95 2324 141 2358 ναι
155 2305 278 2375 νοηματα
304 2301 340 2367 εἷς
366 2325 405 2369 εν,
421 2302 518 2358 καὶέτι
544 2303 760 2404 προσδεχόμενον
773 2325 799 2358 τι
813 2308 861 2360 τον

95 2384 231 2461 ὀκροατην
246 2384 424 2454 άκοίιστσθαι,
441 2389 617 2442 καταλιπεῖν·
640 2386 684 2459 δη
707 2375 742 2442 ὧν
755 2385 861 2459 άσαηὲς

94 2473 198 2542 γίνεται
211 2473 241 2526 τό
255 2470 381 2545 βραχίιῖ
370 2493 414 2527 ινα
428 2471 456 2526 δὲ
470 2471 618 2527 συντλών’
598 2473 671 2540 etum,
685 2473 799 2545 τέτταρα
811 2476 859 2544 μέν

94 2549 211 2607 ‘'am'‘
191 2574 278 2629 ωσπερ
304 2555 407 2630 ὄργανα
432 2558 478 2625 τῆς
502 2555 673 2611 Θουκυδίδου
697 2557 800 2620 λέξεως·
826 2559 859 2612 τό

93 2637 233 2703 ποιητικόν
250 2640 300 2694 τῶν
313 2636 460 2714 ὀνομάτων,
488 2642 517 2695 τό
533 2639 669 2703 πολυειδὲς
682 2642 733 2697 τῶν
747 2641 856 2712 σχημά·
