1950 2954
201 116 249 164 DE
269 110 541 165 COMPOSITIONE
560 114 762 166 VERBORVM.
829 120 862 176 77

98 217 198 296 ,ἀμφρῖ
209 220 309 293 μελέων
324 218 374 274 σδν
400 212 510 284 αὐλοῖς·
536 217 641 292 έιμνέἶτε
668 223 788 294 Σεμέλαν
812 225 864 278 ἑλι.

97 307 259 379 ,,κάμπυκα,
283 303 371 379 χοροί.
381 311 401 337 ⁴‘
446 299 544 360 Ταῦθ’
566 298 610 359 δτι
622 307 670 378 μέν
684 309 755 363 ίσιιν
768 306 863 381 ἰσχυρά

98 389 147 446 καλ
164 385 283 464 στιβαρά
301 387 348 444 καί
362 384 545 460 ἀξιωματικά,
570 389 618 445 καὶ
633 391 703 447 πολὺ
717 391 747 444 τό
761 385 865 458 αάστη.

96 476 147 550 ρδν
160 472 221 546 ἔχει,
233 471 359 546 τραχέινει
373 467 396 525 τ’
409 469 515 538 ἀλδπως
522 472 567 528 καί
581 476 715 550 πικραίνει
727 469 773 539 τάς
780 471 865 540 ἀκοάς

96 559 223 632 μετρίως,
251 555 429 623 άνακέκληταί
443 577 469 619 τι
495 560 553 623 τοῖς
575 560 690 632 χρόνοις,
714 559 759 614 καὶ
774 559 865 633 διαβὲ·

96 643 180 714 βηκεν
199 641 243 698 ἐπὶ
266 645 297 696 τδ
312 641 382 698 πολὺ
407 644 467 707 ταλς
479 639 632 718 ἁρμονίαις,
659 642 705 700 καὶ
720 637 784 698 οὔτε
798 650 865 700 θεα-

97 728 190 800 τρικόν
206 725 238 796 δὴ
253 728 336 804 τοῦτο
354 724 399 781 καὶ
412 726 553 800 γλαφυρὸν
565 726 745 783 ἐπιδείκνυται
760 730 864 804 κάλλος,

95 808 165 866 ἀλλὰ
173 812 204 867 τό
218 809 349 885 ἀρχαῖκόν
357 812 441 867 ίκεῒνο
451 810 498 867 καλ
509 814 540 867 τό
552 806 697 886 αδστηρδν,
703 808 817 877 ἅπαντες
823 809 864 879 ἀν,

96 890 148 951 οἶδ’
158 891 866 972 ὅτι,μαρτυρήσειανοῖμετρίαναἴσθησινέχοντεςπε·

97 978 237 1054 ρίλόγους.
252 983 306 1036 τίνι
316 980 345 1034 δὲ
360 982 618 1038 κατασκευασθέντα
631 978 798 1049 ίπιτηδιδσει
811 1002 866 1036 τοι·

97 1066 169 1120 αὕτα
183 1067 308 1136 γέγονεν·
336 1059 369 1119 οδ
383 1060 436 1136 γάρ
445 1059 510 1119 ἀνευ
522 1087 552 1137 γε
565 1068 655 1134 τέχνης
667 1065 715 1120 καί
728 1066 811 1138 λόγου
824 1086 866 1120 τι-

97 1152 160 1215 νός,
174 1144 372 1221 αάτσματισμρλ
390 1147 436 1202 καί
455 1147 521 1223 τύχη
531 1151 696 1224 χρησάμενα,
719 1151 817 1206 τοῦτον
830 1151 866 1205 εἴ·

98 1234 166 1304 ληφε
193 1234 242 1288 τὸν
264 1235 441 1308 χαρακτῆρα·
479 1233 531 1306 ἐγὼ
548 1236 714 1308 πειράσομαι
728 1234 865 1291 δεικνύειν.

172 1320 211 1373 Τό
226 1321 333 1390 πρῶτον
347 1311 420 1389 αὐτῷ
434 1319 518 1372 κῶλον
532 1321 560 1372 ἐκ
580 1319 716 1392 τεσσάρων
729 1318 866 1391 σύγκειται

96 1404 187 1468 λέξεως
204 1405 315 1477 μορίων,
341 1401 459 1476 ῥήματος
484 1402 529 1456 καὶ
556 1400 709 1473 συνδέσμου
727 1402 772 1458 καὶ
789 1402 866 1458 δυοῖν

96 1489 322 1563 προσηγορικῶν·
347 1487 378 1541 τό
390 1486 439 1558 μὲν
452 1474 502 1542 οἶν
515 1489 588 1560 ῥῆμα
608 1485 652 1541 καί
670 1487 686 1542 ό
706 1485 865 1561 σύνδεσμος,

96 1572 253 1645 συναλοιφῇ
267 1572 448 1646 κερασθέντα,
471 1565 521 1625 οὔκ
534 1567 604 1640 ἀηδῆ
619 1573 745 1640 πεποίηκε
758 1570 807 1638 την
818 1570 865 1646 ἀρ-

95 1657 212 1726 μονίαν·
240 1657 272 1711 τό
291 1655 319 1710 δὲ
332 1657 545 1728 προσηγορικὸν,
573 1655 609 1726 τῷ
623 1653 760 1729 συνδέσμῳ
775 1677 866 1712 σοντι·

95 1743 229 1815 θέμενον,
256 1737 471 1812 ἀποτετράχυκεν
498 1737 640 1810 ἀξιολόγως
666 1741 714 1807 την
733 1738 863 1813 ἁρμογήν.

96 1827 127 1878 τό
153 1821 209 1899 γάρ
234 1821 298 1891 ,ξεν
316 1826 424 1897 χορόν“
449 1820 595 1879 άντίτυπόν
612 1844 639 1878 τε
657 1824 703 1878 καὶ
723 1822 772 1880 οὐκ
787 1821 863 1880 εὖπε·

97 1910 144 1980 τές,
160 1911 213 1965 τοῦ
226 1911 277 1982 μέν
290 1906 442 1979 συνδέσμου
455 1908 581 1981 λήγοντος
593 1904 629 1972 εἷς
643 1905 780 1980 ἡμίφωνον
795 1929 866 1964 οτοι·

96 1997 183 2063 χεῖον,
211 1995 242 2048 τό
260 2015 290 2060 ν,
317 1993 366 2048 τοῦ
384 1992 412 2047 δὲ
425 1993 626 2066 προσηγορικοῦ
640 1993 688 2060 τὴν
702 1989 786 2066 ἀρχὴν
800 1997 865 2064 λαμ·

98 2079 232 2147 βάνοντος
256 2072 306 2149 ἀφ’
334 2078 392 2141 ἑνός
415 2077 464 2131 τῶν
491 2074 615 2147 ἀφώνων,
643 2079 690 2130 τοῦ
714 2096 746 2144 γ·
773 2072 867 2147 ἀσάμ-

98 2183 180 2232 μικτα
192 2163 221 2217 δέ
236 2162 271 2236 τῇ
284 2159 359 2236 ῥδσει
375 2161 459 2216 ιαδτα
474 2156 507 2216 τά
520 2165 638 2231 στοιχεῖα
658 2160 703 2215 καὶ
724 2157 866 2229 ἀκόλλητα.

98 2243 132 2302 οὗ
143 2247 198 2321 γάρ
211 2249 315 2318 πέφυκε
333 2242 406 2301 κατά
423 2248 488 2304 μίαν
507 2246 644 2317 συλλαβήν
665 2246 714 2299 τοῦ
732 2268 749 2313 γ
767 2265 866 2320 προτε-

97 2333 202 2401 τάχθαι
230 2334 261 2386 τό
285 2349 316 2384 ν·
339 2325 403 2392 ,ὥστ’
424 2324 487 2385 οάδὲ
506 2331 645 2402 συλλαβῶν
667 2328 716 2385 διἰο
738 2327 772 2384 τά
784 2333 867 2401 μόρια

97 2418 226 2491 γινόμενα
247 2416 378 2471 συνάπτει
396 2414 443 2469 τόν
463 2403 543 2482 ἦχον,

99 2519 158 2556 τινα
171 2500 304 2573 γίνεσθαι
318 2500 401 2571 μέσην
420 2495 524 2573 ἀμφοῖν
543 2499 591 2573 την
614 2498 793 2583 διορίζουσαν
813 2506 885 2559 ἐυσ-

93 2585 176 2658 ·τι’ρου
198 2587 253 2640 τῶν
267 2585 436 2661 γραμμάτων
466 2581 514 2654 τάς
543 2590 691 2673 δυνάμεις.
721 2594 755 2656 τὸ
787 2591 837 2656 μὶν
871 2583 911 2649 δὴ
