1950 2954
161 212 212 266 100
325 204 485 254 DlONYSH
502 199 759 253 HALICARNASS.

158 311 241 379 ,,τινά
255 328 309 366 που
322 308 406 384 ὄρηῦεν
417 310 454 380 μή
472 301 530 364 κατ’
551 304 671 381 άνάγκην
682 306 811 384 πράμναν
825 310 929 385 κρουό-

159 438 177 468 ‚‚
183 415 273 465 μενον,
282 392 478 457 άνακαλοῦντες
485 389 617 464 ὀνομαστί
625 394 671 448 τὸν
678 393 851 468 τριήραρχον,
861 390 929 467 ἦρά·

160 498 247 547 ,,των·
267 476 295 532 οἶ
303 478 352 549 μίν
363 473 518 551 Ἀθηναῖοι,
545 474 568 531 εί
581 477 629 544 τὴν
641 478 842 548 πολεμιωτάτην
857 475 930 555 [γῆν]

160 560 345 635 ,,οίκειοτε’ραν
359 556 408 630 ἤδη
433 564 478 630 τῆς
493 556 527 616 οῦ
541 555 575 617 δί
589 557 684 634 ὀλίγον
699 559 811 640 [πόνου]
832 582 930 630 κεκτη-

162 689 181 718 ,‚
188 647 268 718 μένης
291 646 435 715 θαλάσσης
461 642 609 718 ἦγοῦμτνοι
626 641 832 720 ἀποχωροῦσιν·
862 646 890 702 οἱ
903 646 930 701 δι’

163 729 380 803 ,,Συρακσιίσιοι,
390 726 414 784 εί
428 723 477 794 οῦς
487 731 580 801 σαφῶς
592 732 667 785 ἴσασι
681 733 931 803 προθυμουμένους

162 812 345 884 ,,’.4θηναίους
360 814 442 870 παντί
455 816 544 890 τρόπῳ
558 814 711 886 διαφυγεῖν,
720 815 835 880 τούτους
849 811 931 871 αὐτοί

163 898 339 971 ,,φεῦγοντας
366 898 524 971 φεύγουσιν.
548 894 565 953 ὅ
584 895 605 952 τ’
620 902 648 953 ἐκ
663 901 708 967 τῆς
719 901 768 973 γῆς
787 900 864 964 πεζὸς
878 897 929 969 άμ-

163 985 311 1060 ,,φοττ’ρων,
326 979 478 1059 ίσορῤόπου
491 987 537 1053 τῆς
551 985 704 1056 ναυμαχίας
717 985 929 1057 καθεστηκυίας,

163 1069 271 1137 ,πολὺν
294 1071 342 1124 τὸν
356 1066 447 1142 άγώνα
471 1068 518 1124 καί
543 1071 671 1132 ξύστασιν
685 1069 730 1135 τῆς
745 1068 852 1142 γνώμης
866 1062 929 1135 εἶχε·

162 1155 342 1223 ,φιλονεικῶν
368 1153 416 1223 μὲν
437 1152 453 1206 ὅ
466 1147 587 1208 αὐτόθεν
600 1151 661 1227 περὶ
679 1152 730 1207 τοῦ
744 1153 867 1218 πλείονος
880 1147 929 1221 ἤδη

165 1238 281 1304 ,,καλοῦ·
316 1236 430 1300 δεδιότες
445 1236 473 1292 δὲ
485 1234 512 1292 οἱ
525 1237 694 1306 ἐπελθόντες,
706 1238 743 1308 μη
759 1240 810 1292 τών
824 1237 929 1314 παρόν-

166 1341 234 1386 ,,των
251 1321 291 1377 ἔτι
306 1321 389 1395 χείρω
402 1323 530 1396 πράξωσι.
557 1323 666 1380 πάντων
677 1322 732 1397 γάρ
748 1321 781 1390 δὴ
793 1319 929 1394 άνακειμί·

165 1426 234 1472 ,μων
252 1409 308 1467 τοῖς
326 1402 476 1471 Ἀθηναίοις
501 1410 526 1470 ἐς
552 1408 599 1469 τάς
624 1408 698 1477 ναῦς,
725 1406 783 1461 ὅτε
798 1408 887 1480 φόβος
898 1393 929 1474 ίην

165 1489 252 1563 ,,ῦπὲρ
269 1492 318 1544 τοῦ
342 1491 482 1560 μέλλοντος
510 1484 601 1546 οῦάινί
626 1492 730 1557 ἐοικώς,
759 1489 806 1546 καί
826 1491 872 1547 διά
891 1492 928 1563 τί,

163 1569 388 1644 ,,άνώμαλονκαί
408 1574 456 1642 τῆν
483 1571 583 1645 ἔποψιν
595 1579 642 1644 τῆς
666 1577 818 1647 ναυμαχίας
844 1577 928 1645 ίκτῆς

164 1699 180 1722 ,,
190 1659 238 1728 γῆς
264 1653 447 1727 ἠναγκάζοντο
462 1656 543 1726 ἔχειν·
567 1656 599 1716 δι’
617 1658 710 1733 ὀλίγον
721 1663 774 1736 γάρ
789 1655 874 1731 οῦσης
887 1662 929 1728 τῆς

164 1743 258 1807 ,,θεάς,
275 1740 320 1795 καὶ
334 1737 368 1795 οῦ
383 1743 492 1797 πάντων
506 1737 564 1816 ἅμα
577 1748 602 1810 ἐς
616 1748 646 1801 τὸ
662 1741 730 1799 αάτὸ
745 1743 927 1810 σκοποῦντων,

164 1823 208 1890 ,,εί
220 1827 269 1895 μέν
283 1846 347 1888 τινες
362 1826 446 1883 ίώοιίν
459 1849 496 1895 πη
517 1829 580 1892 τοῦς
597 1832 741 1905 σφετέρους
755 1832 928 1905 ἐπικρατοῦν·

164 1931 238 1981 ,,τας,
264 1907 460 1984 ἀνεθάρσησάν
486 1932 514 1966 τι
540 1909 588 1979 άν,
617 1913 663 1968 καί
689 1914 756 1988 πρὸς
782 1912 928 1984 άνάκλησιν

166 1996 267 2061 „Mn
283 1997 319 2066 μη
335 1999 464 2070 στερῆσαι
478 1997 550 2068 σφάς
566 2001 611 2067 τῆς
624 1999 763 2072 σωτηρίας,
777 2001 927 2072 ἐτρέποντο·

164 2077 211 2146 ,,οἱ
226 2079 262 2150 δὲ,
288 2077 332 2134 ἐπί
347 2083 377 2136 τό
391 2076 545 2154 ἡσσώμενον
566 2084 718 2157 βλέψαντες,
745 2077 893 2157 ὀλοφυρμῷ
903 2103 928 2138 τι

164 2159 247 2235 ,,άμα
261 2167 328 2234 μετά
341 2166 408 2236 βοῆς
434 2165 560 2239 ἐχρῶντο·
577 2166 624 2222 καί
652 2164 706 2221 άπὸ
720 2167 772 2221 τῶν
787 2166 927 2242 δρωμένων

165 2253 233 2320 ,,τῆς
249 2247 341 2320 ὄψεως,
350 2247 396 2304 καί
409 2250 457 2317 τὴν
469 2251 576 2323 γνώμην
588 2252 693 2321 μάλλον
706 2252 758 2305 τών
770 2255 799 2306 ἐν
815 2253 852 2324 τῷ
867 2251 930 2328 ἔργῳ

166 2335 367 2405 ,,ἐάουλοῦντο·
390 2328 466 2389 άλλοι
481 2333 521 2401 δὲ,
541 2335 587 2392 καὶ
600 2339 668 2410 πρὸς
681 2331 834 2391 άντιποίλου
849 2358 875 2393 τι
888 2338 931 2405 τῆς

166 2420 337 2486 »ναυμαχίας
363 2415 516 2485 άπιάόντες,
540 2419 585 2475 διά
598 2421 628 2474 τά
643 2419 757 2492 άκρίτως
769 2422 874 2491 ξυνεχὲς
887 2425 932 2489 τῆς

165 2498 305 2571 ,,άμι’λλης,
329 2501 375 2558 καί
401 2506 457 2566 τοῖς
483 2504 606 2573 σώμασιν
624 2501 719 2566 αὐτοῖς
735 2506 781 2559 ἴσα
807 2506 842 2578 τῇ
869 2506 930 2580 δόξῃ

164 2584 308 2659 ,περιδεῶς
321 2586 555 2655 ξυναπονεῦοντες,
571 2594 597 2644 ἐν
612 2593 668 2654 τοῖς
680 2587 859 2658 χαλεπώτατα
874 2589 930 2658 διῆ-

159 2690 251 2745 ,,γον·
280 2667 323 2729 άιί
339 2674 391 2750 γάρ
405 2667 465 2747 παρ’
488 2669 766 2745 ῦλίγονίηῦιέφευγον,
796 2671 813 2741 ἢ
841 2671 930 2731 άτώλ-
