1950 2954
116 163 167 217 226
235 154 397 207 DIONYSII
416 153 762 210 HALIGARNASSENSIS

118 259 240 333 ὅνόμασι,
257 259 304 318 καί
318 264 444 328 πολλάκις
461 266 490 318 ἐκ
509 250 614 321 πολλοῦ
629 265 679 321 τοῖν
699 265 836 340 μεγέθους
848 259 891 329 τίς,

119 347 242 407 διάκενον
256 349 360 419 κόμπον
374 349 518 416 ἐκπίπτων,
535 342 594 405 οἷον
609 347 644 414 εἷς
657 347 795 418 ίδιωτικὴν
804 366 885 405 ’παν-

118 437 222 492 τάπασι
249 437 427 503 ταπεινότητα
452 435 620 508 κατέρχεται·
648 429 706 490 ὅδ’
733 428 885 508 Εὐριπίδης

118 514 180 575 οὔτε
196 517 296 591 διμηλός
310 522 390 584 ἐστιν,
406 513 467 575 οιῖτε
479 522 533 591 μην
546 519 631 591 λιτδς,
644 516 712 576 ἄλλά
738 519 887 594 κεκραμένη

118 609 164 675 τῆς
177 605 265 666 λέξεως
278 604 404 675 μεσότητι
417 607 550 678 κέχρηται.
571 606 623 660 τῶν
643 603 671 658 δέ
694 603 828 677 κωμῳδῶν
840 623 884 674 μι-

117 692 207 759 μεῖται
224 689 271 751 τάς
295 690 414 768 λικτιιιιίς
439 685 537 763 άρετάς
557 686 679 754 άπάσας·
707 687 759 744 είσῖ
773 688 826 762 γάρ
839 685 889 742 καί

117 776 174 837 τοῖς
188 776 305 843 νοήμασι
318 771 450 848 καθαροί,
465 773 512 829 καί
525 776 631 847 σαφεῖς,
644 773 690 829 καί
706 775 824 846 βραχεῖς,
840 769 889 839 καί

116 860 342 933 μεγαλοπρεπεῖς,
356 855 401 914 ναί
416 857 513 929 δεινοί,
539 857 585 913 καί
597 856 704 928 ἠθικοί.
719 855 888 931 Μενάνδρου

118 943 147 998 δὲ
161 942 207 999 καῖ
222 944 253 998 τό
267 945 416 1017 πρακτικόν
430 945 589 1018 θεωρητέον.

476 1079 529 1137 111.

263 1183 328 1230 DE
380 1178 741 1230 HISTORICIS.

219 1281 439 1342 ἰιΡσΛσιόΣ
461 1285 507 1341 καὶ
537 1286 789 1340 οοσιινΔΙΔιιΣ.

187 1372 247 1425 Τῶν
259 1373 352 1443 μέντοι
366 1371 543 1444 συγγραφέων
554 1365 700 1445 Ἡρόδοτος
708 1368 758 1440 μέν
771 1366 889 1441 ἐξείργα·

120 1475 183 1512 σιαι
201 1456 231 1510 ιδ
251 1456 360 1527 βέλτιον
386 1455 416 1508 τό
437 1455 624 1529 πραγματικὸν
644 1447 728 1516 εἶδος·
754 1451 792 1523 τῷ
806 1450 835 1505 δέ
848 1453 887 1507 λε-

120 1537 200 1612 κτικρῖ
213 1539 279 1593 ποτέ
291 1539 342 1610 μέν
355 1541 506 1593 πλεονεκτεῖ
521 1536 697 1606 Θουκυδίδης,
717 1536 784 1591 ποτέ
799 1530 828 1590 δ’
843 1533 887 1608 ἔμ·

119 1624 209 1691 πάλιν.
229 1617 329 1677 ἔστιδ’
347 1626 376 1678 έν
402 1615 443 1684 οἷς
467 1624 625 1686 ἐξισοῖινται.
652 1621 685 1694 τῇ
696 1621 747 1693 μέν
760 1617 888 1694 οῖκριβείηι

120 1708 171 1762 τοῖν
185 1703 324 1776 ὀνομάτων
330 1749 338 1778 ,
365 1710 393 1763 ἐν
413 1699 453 1770 οἷς
475 1709 598 1781 ἑκάτεροι
611 1702 782 1781 προῄρηνται
796 1703 887 1760 διαλό-

118 1812 186 1867 γοις,
199 1788 369 1857 άποσέιζουσι
385 1792 416 1845 τό
429 1789 512 1846 ῖδιον·
529 1795 574 1860 τῆς
591 1791 618 1845 δὲ
633 1791 782 1862 σαφηνείας
795 1785 887 1861 άναμ·

119 1876 288 1949 φισβητήτως
310 1872 449 1949 Ἡροδότῳ
474 1878 505 1931 τό
525 1878 693 1949 κατόρθωμα
708 1874 825 1930 δέδοται.
840 1873 887 1930 καί

118 1964 150 2018 τό
163 1963 211 2034 μὲν
225 1961 359 2032 σύντομόν
372 1964 428 2016 ἐστι
441 1961 516 2035 παρά
533 1959 696 2032 Θουκυδίδῃ,
713 1961 743 2015 τό
758 1953 788 2014 δ’
802 1960 889 2034 ἐναρ-

118 2049 162 2121 γές
174 2041 237 2121 παρ’
253 2043 424 2122 άμφοτέροις.
450 2049 479 2100 ἐν
496 2047 587 2118 μέντοι
600 2047 658 2106 τοῖς
670 2041 783 2112 ἠθικοῖς
795 2046 890 2115 κρατεῖ

116 2127 278 2205 Ἡρόδοτος,
305 2134 334 2186 έν
358 2131 386 2186 δέ
411 2133 468 2194 τοῖς
494 2127 691 2199 παθητικοῖςό
708 2125 889 2196 Θουκυδίδης.

120 2217 200 2271 πόλιν
218 2215 373 2291 καλλιλογίρι
393 2216 440 2272 καί
465 2214 680 2290 μεγαλοπρεπείᾳ
707 2212 889 2285 διαφέρουσιν

120 2296 200 2355 οὐδέν
217 2300 347 2368 άλλὴίων,
375 2297 429 2356 ἄλλ’
458 2299 580 2373 ἑκάτεροι
605 2296 709 2354 τούτων
733 2318 763 2352 τε
776 2294 824 2353 καί
837 2298 889 2352 τοῖν

123 2382 250 2439 τοιοέιτων
271 2383 370 2457 άρετιῖιν
395 2385 534 2458 κρατοῦσι.
561 2384 636 2457 ῥώμη
653 2381 681 2436 δέ
694 2379 741 2436 καί
754 2379 830 2452 ίσγῦί
843 2379 890 2436 καί

122 2466 190 2538 τόνῳ
204 2466 248 2521 καί
263 2469 299 2540 τῷ
325 2469 437 2542 περιττῷ
463 2468 509 2524 καί
528 2466 770 2540 πολυσχηματίσιρι
784 2483 890 2541 παρηυ·

110 2547 247 2624 ιίοκιμησι
263 2552 447 2624 θουκνδίδης·
467 2548 551 2627 ἡδονῇ
567 2551 596 2607 δέ
608 2550 654 2607 καί
668 2554 766 2607 πειθοῖ
777 2550 826 2607 καί
836 2549 891 2620 χά-

91 2653 155 2703 ριτι
167 2637 224 2698 καί
236 2638 277 2718 κρῖ
288 2636 390 2718 άφελεῖ
409 2635 548 2717 σάτοφυεῖ
578 2634 771 2715 ίιβαοιικίοτιρ,
795 2632 891 2709 μακρηῖ
