1950 2954
99 193 132 244 50
216 186 376 238 DIONYSII
398 186 746 242 HALIGARNASSENSIS

98 292 174 365 παρά
193 292 242 363 μὲν
268 294 314 358 τάς
339 295 392 349 τῶν
415 293 581 367 γραμμάτων
608 295 764 367 συμπλοκάς
781 288 798 364 ἣ
813 295 864 349 τίίτ

99 377 239 449 συλλαβῶν
258 378 362 452 γίνεται
381 375 510 440 σίινθεσις
528 378 651 450 ποικίλη,
680 381 755 454 παρά
768 377 797 434 δὲ
810 379 862 434 τῶν

98 463 239 533 συλλαβῶν
252 462 394 526 συνθέσεις
407 458 423 528 ἦ
438 463 489 517 τῶν
483 457 641 567 ὀνομάτων
655 461 737 534 φάσις
760 484 862 520 παντο-

101 543 187 615 δαπὴ,
214 548 290 619 παρά
311 545 383 602 δι’
352 567 398 611 τας
410 547 463 601 τῶν
476 542 617 617 ὀνομάτων
632 545 765 654 άρμρνίας
777 547 861 605 πολίι·

99 649 205 703 μορφσς
219 629 234 686 ό
248 630 327 704 λόγος
339 633 456 730 γίνεται
470 626 536 686 ὥστε
551 629 667 698 πολλή”
649 634 766 709 ανάγκη,
779 635 862 702 καλὴν

99 715 146 768 αὲν
160 708 229 769 εἶναι
241 715 318 784 λέξιν,
333 719 362 771 ἐν
374 737 392 788 ῃ
380 701 476 770 καλά
490 717 561 770 ἐστιν
576 713 705 789 ὀνόματα,
731 717 818 771 καλῶν
833 715 861 771 δ’

100 794 238 870 ὀνομάτων
257 800 393 873 συλλαβάς
406 819 433 854 τε
447 796 492 854 καί
517 801 664 874 γράμματα
691 801 759 855 καλά
786 803 860 855 αἴτια

98 876 180 950 εἶναι,
208 879 341 954 ἦδεῒάντε
367 882 546 940 διάλεκτονέκ
571 885 623 939 τῶν
648 879 844 953 ηδυνονιων
814 905 862 952 την

98 963 183 1037 άκσήν
201 968 344 1041 γίνεσθαι·
364 966 410 1023 καί
423 968 454 1023 τό
468 970 666 1044 παραπλήσιον,
682 965 821 1041 ὀνομάτων
835 989 862 1024 τε

97 1051 143 1108 καί
156 1054 297 1125 συλλαβῶν
313 1050 359 1109 καλ
375 1053 543 1127 γραμμάτων
560 1052 608 1116 τάς
620 1071 648 1107 τε
662 1054 731 1108 κατά
742 1053 822 1126 μέρος
833 1057 860 1110 ἐν

97 1136 205 1201 τούτοις
219 1136 360 1210 διαφοράς,
376 1133 443 1192 καθ’
457 1130 488 1201 δίς
502 1134 631 1206 δηλοῦται
644 1138 677 1192 τά
690 1157 717 1191 τε
730 1132 799 1210 ἤθη,
815 1137 860 1194 καλ

97 1220 130 1274 τά
144 1223 238 1289 πάθη,
268 1220 314 1276 καλ
334 1219 364 1275 αί
377 1219 521 1286 διαθέσεις,
537 1218 583 1276 καί
598 1221 630 1274 τά
644 1219 708 1295 ἔργα
722 1221 774 1276 τῶν
787 1242 860 1294 προ-

96 1302 202 1371 σώπων,
216 1302 261 1358 καί
277 1305 311 1359 τά
324 1302 518 1377 συνεδρεύοντα
532 1303 644 1372 τσίιτοις,
661 1302 716 1359 άπό
729 1307 775 1374 τῆς
789 1306 860 1379 πρώ-

97 1409 143 1457 της
157 1392 324 1458 κατασκευῆς
338 1390 388 1444 τῶν
412 1389 578 1464 γραμμάτων
591 1389 718 1462 γίνεσθαι
735 1391 857 1446 τοιαῦτα.

156 1474 299 1546 Χρὴσομοιι
315 1467 345 1527 δ’
361 1469 463 1548 ὀλίγοις
476 1472 600 1545 δείγμασι
609 1475 658 1528 τοίι
672 1475 757 1546 λόγου
769 1474 857 1540 τοῦδε,

96 1557 142 1625 τῆς
155 1557 290 1627 σαφηνίας
303 1554 392 1612 ἕνεκα·
418 1559 451 1611 τά
463 1560 516 1633 γάρ
529 1553 611 1623 άλλα,
627 1560 714 1613 πολλά
728 1555 802 1626 ὄντα,
815 1557 858 1614 ἐπί

96 1642 213 1695 σεαυτοῦ
228 1643 446 1713 συμβαλλόμενος
460 1640 587 1717 εὑρήσεις.
617 1641 633 1697 ό
648 1640 680 1708 δὴ
695 1643 858 1713 πολυφωνό-

96 1744 176 1789 τατος
201 1722 328 1781 ἁπάντων
354 1727 405 1781 τῶν
430 1728 548 1795 ποιητῶν
568 1721 697 1800 Ὅμηρος,
727 1721 795 1781 ὅταν
809 1727 859 1800 μίν

96 1802 167 1883 ι’ίραν
182 1807 269 1883 ὅψεως
282 1805 419 1883 εὐμόρφου
433 1808 479 1865 καλ
492 1812 587 1873 κάλλος
605 1806 703 1880 ἡδονῆς
717 1811 858 1882 ἐπαγωγόν

95 1892 283 1958 ἐπιδείξασθαι
296 1893 437 1967 βσίιληται,
452 1896 503 1949 τῶν
514 1915 540 1950 τε
555 1898 712 1966 φωνηέντων
726 1897 781 1959 τοῖς
793 1916 859 1969 κρα·

95 1977 194 2042 τίστοις
217 1979 362 2051 χρήσεται,
381 1977 428 2034 καί
441 1976 492 2035 τῶν
505 1973 649 2050 ἡμιφώνων
661 1983 718 2043 τοῖς
728 1981 859 2052 μαλακω-

95 2063 192 2130 τάτοις,
209 2061 254 2117 καί
268 2058 301 2118 οὗ
313 2062 518 2120 καταπυκνώσει
531 2066 590 2128 τοῖς
602 2061 721 2134 οἷφιίινοις
735 2066 781 2127 τάς
795 2065 858 2119 συλ-

94 2149 186 2219 λαβάς,
204 2143 266 2204 σῦδί
280 2149 412 2224 συγκόψει
426 2148 488 2211 τούς
501 2143 590 2218 ἤχους,
604 2147 766 2221 παρατιθεὶς
779 2145 858 2218 άλλίη·

94 2237 150 2296 λσις
162 2235 196 2287 τά
211 2233 373 2307 δυσέκφορα,
403 2237 518 2308 πρᾳεῖαν
533 2231 563 2288 δι’
576 2253 636 2288 τινα
648 2233 754 2302 πσιίησιι
768 2230 857 2304 διρμση

95 2318 154 2371 νίαν
167 2319 219 2372 τῶν
231 2319 396 2390 γραμμάτων
422 2317 468 2372 καί
493 2319 610 2391 ῥέουσαν
634 2313 740 2375 άλάπωτ
755 2315 800 2371 διά
813 2320 859 2387 τῆς

95 2397 184 2471 άκοῆς,
198 2398 233 2465 ὥς
245 2401 295 2471 ἔχει
314 2401 399 2455 ταυτί.

132 2480 169 2540 ‘H
179 2478 208 2538 δ’
222 2487 261 2541 ίεν
274 2490 302 2542 ἐκ
316 2486 456 2558 θαλάμοιο
471 2487 609 2559 περίφρων
622 2487 802 2556 Πηνελόπεια,

133 2561 261 2642 Ἀρτέμιδι
274 2568 353 2641 ἰκέλη,
369 2566 399 2640 ἦέ
405 2569 497 2643 χρυσῇ
505 2570 656 2645 Λφροδίτῃ.
668 2569 730 2626 καί·

125 2653 210 2725 Δῇλῳ
223 2652 326 2722 δήποτε
341 2657 417 2711 τοῖον
427 2649 587 2719 Ἀπόλλωνος
600 2657 674 2725 παρά
692 2653 777 2728 βωμῷ
