1950 2954
183 189 231 237 αα
250 186 404 259 mem
422 186 563 239 Ηιετοιι.
579 187 754 239 ινυιαωα.
831 192 865 247 93

95 296 266 368 χαρακτῆρα,
294 289 340 349 καί
359 294 569 368 παρεωραμένον
582 286 682 358 ἅπασι,
711 295 814 366 πρῶτος
827 290 864 358 εἷς

99 379 146 446 τήν
160 375 299 451 ἱστορικὴν
311 377 500 452 πραγματείαν
512 374 683 433 ἐσπούδασεν
695 373 862 451 εἰσαγαγεῖν·

99 459 144 517 ἐπὶ
155 461 204 532 μέν
216 465 262 530 τῆς
280 464 392 536 ἐκλογῆς
417 462 470 516 τῶν
497 457 640 534 ὀνομάτων
653 463 702 530 τήν
724 463 865 537 τροπικήν,

98 544 146 600 καί
158 546 386 619 γλωττηματικήν,
408 545 454 602 καί
467 542 703 622 ἀπηρχαιωμένην,
729 545 777 600 καί
789 547 864 615 ξένην

96 632 164 693 λέξιν
177 632 356 704 προελόμενος
381 626 443 685 ἀντὶ
461 632 507 699 τής
533 633 624 700 κοικής
649 629 697 686 καί
723 631 863 698 συνήθους

96 717 152 777 τοῖς
168 708 225 768 κατ’
242 709 325 768 αὐτὸν
351 711 524 786 ἀνθρώποις·
550 714 596 770 ἐπὶ
610 713 638 769 δέ
651 718 698 785 τῆς
710 716 863 778 συνθέσεως

96 799 147 851 τῶν
162 791 183 850 τ’
198 798 346 853 ἐλαττόνων
372 794 419 852 καί
444 797 496 852 τῶν
522 800 649 870 μειζόνων
674 794 788 873 μορίαν,
815 799 863 866 τήν

97 878 286 950 ἀξιωματικὴν,
299 879 345 937 καί
359 875 515 955 αὗστηράν,
527 878 573 936 καὶ
586 883 728 956 στιβαρὰν,
755 879 801 936 καί
811 883 863 952 βι-

95 966 229 1036 βηκυλαν,
256 963 303 1020 καί
322 963 512 1038 τραχήνοασαν
537 967 597 1028 ταῖς
622 966 674 1020 τῶν
699 966 864 1040 γραμμάτων

95 1046 266 1115 ἀντιτυπίαις
277 1052 325 1113 τοὶς
338 1047 431 1115 ἀκοιὶς,
447 1045 508 1105 ἀντὶ
521 1050 567 1118 τής
580 1050 698 1123 λιγυρᾶς,
713 1047 760 1103 καὶ
771 1052 864 1119 μαλα-

96 1137 151 1200 κῆς,
180 1133 226 1188 καὶ
239 1135 432 1206 συνεξεσμένης,
446 1130 493 1187 καί
507 1132 591 1204 μηδέν
614 1133 727 1203 έχοδσης
752 1129 862 1188 ἀντίτα-

95 1237 163 1272 πον·
183 1216 228 1273 ἐπὶ
241 1216 271 1272 δέ
280 1219 333 1273 τῶν
346 1218 547 1290 σχηματισμῶν,
562 1220 590 1274 έν
603 1209 643 1281 οἷς
654 1218 771 1289 μάλιστα
783 1217 863 1289 ε’βου·

99 1302 169 1369 λήθη
186 1299 319 1376 διενέγκαι
331 1304 383 1358 τῶν
396 1304 450 1375 πρὸ
464 1298 561 1373 αδτοῶ,
577 1303 702 1371 πλείστην
715 1296 864 1372 εἷσενεγκολ·

95 1405 175 1458 μενος
188 1385 319 1455 σπουδήν,
347 1385 474 1442 διετέλεσέ
499 1386 530 1458 γε’
543 1405 586 1442 τοι
600 1387 648 1440 τὸν
673 1391 863 1442 λατακαιεικο·

95 1473 178 1540 σαετή
189 1471 290 1543 χρόνον
316 1472 364 1526 ταῶ
380 1471 500 1541 πολέμου
525 1466 582 1525 ἀπὸ
604 1473 650 1540 τῆς
664 1467 745 1542 ἀρχῆς
758 1468 804 1532 ἕως
818 1472 863 1539 τής

95 1557 230 1624 τελευτῆς,
257 1556 305 1620 τάς
330 1551 399 1610 ὄκτῶ
424 1553 546 1628 βίβλους,
572 1549 700 1626 ἀςμόνας
713 1555 860 1619 κατέλιπεν,

96 1641 216 1714 στρέφων
235 1633 293 1695 ἀνω
320 1639 366 1695 καὶ
391 1638 476 1707 καίτοι,
501 1637 547 1696 καί
562 1632 628 1694 καθ’
642 1636 670 1694 ἓν
683 1636 797 1694 ἕκαστον
810 1639 862 1692 τῶν

95 1725 141 1789 τής
156 1725 278 1794 φράσεως
294 1725 396 1796 μορίων
416 1725 496 1797 βινῶν
521 1722 569 1779 καὶ
594 1722 727 1797 τορείαν·
744 1722 790 1778 καί
803 1721 862 1777 τοτὲ

96 1805 145 1874 μέν
172 1807 254 1877 λόγον
274 1810 301 1868 ἐξ
325 1803 458 1876 ὀνόματος
483 1808 576 1872 ποιῶν,
605 1801 711 1861 τοτέδ’
725 1804 790 1869 ελς“’
774 1825 861 1878 ονομα

96 1889 222 1958 συνάγων
235 1889 282 1942 τὸν
297 1889 389 1960 λόγον·
410 1886 501 1941 nuk*
470 1907 519 1942 νυν
532 1889 581 1960 μέν
594 1889 625 1942 τὸ
639 1885 816 1962 ρηματικδν’
801 1908 861 1942 σνο

97 1974 232 2046 μαστικῶς
245 1970 375 2043 εκφέρων,
390 1957 476 2032 αυθις
489 1969 518 2024 δέ
542 1965 664 2073 τσδνσμμ
682 1974 716 2045 ῥή
700 1990 756 2041 ημα
769 1972 861 2042 ποιῶν,

97 2057 144 2113 καὶ
158 2051 247 2111 αὐτῶν
259 2075 289 2127 γε
303 2054 405 2110 τούτων
432 2049 606 2126 ἀναστρέφων
619 2055 666 2116 τὰς
690 2055 803 2127 χρήσεις,
817 2053 863 2107 ινα

97 2145 128 2196 τὸ
145 2141 193 2212 μὲν
219 2136 401 2210 ἀνομαστικδν
426 2138 627 2212 προσηγορικὸν
653 2138 774 2211 γένηται,
789 2139 820 2190 τὸ
834 2136 862 2190 δὲ

98 2226 300 2299 προσηγορικὸν
326 2219 508 2288 ὀνομαστικῶς
532 2222 656 2296 λέγηται·
685 2219 732 2277 καί
757 2221 791 2275 τοί
814 2221 863 2291 μέν

98 2311 242 2378 παθητικοὶ
271 2310 391 2383 ῥήματα,
421 2305 584 2381 δραστήρια,
612 2307 645 2360 w*
660 2305 688 2360 δὲ
704 2303 861 2377 δραστήρια,

99 2395 259 2462 παθητικά·
282 2392 474 2462 πληθυντικῶν
492 2410 519 2445 τε
533 2387 580 2444 καί
592 2391 686 2446 ένικῶν
699 2389 862 2444 έναλλάττων

99 2479 146 2542 ταὶς
172 2476 278 2548 φήσεις,
301 2480 346 2533 καλ
373 2473 590 2551 ἀντικατηγορῶν
614 2474 699 2530 ταῦτα
729 2469 862 2542 ἀλλήλων
939 2548 942 2553 Ι

98 2555 243 2630 θηλυκά’
222 2582 238 2615 τ
258 2558 423 2665 ἀρσενικοῖς,
449 2558 496 2616 και
508 2579 634 2635 αρσενικα
627 2560 791 2627 θηλυκοις
817 2556 863 2610 καί

98 2641 227 2721 οὐδέτερα
240 2644 344 2701 τούτων
357 2643 413 2701 τισί
428 2644 583 2715 συνάπτων,
607 2629 667 2706 έξ
647 2665 683 2699 ων
697 2636 803 2712 ήκατεὶ
816 2640 870 2708 τηλι-
