1950 2954
94 195 130 253 42
201 191 362 244 DIONYSII
394 187 648 241 HALICARNASS.
668 187 783 243 Emsw.

94 295 217 369 εύτυχιῖις,
244 292 300 353 ἄλλ’
327 300 355 353 ίν
380 297 491 361 πολλοῖς
509 292 637 372 ύλίγωρίς
656 299 742 366 ίστιν,
773 290 811 353 ιῖν
826 314 869 363 τις

96 382 187 460 ύρθύὶς
201 382 298 457 σκοπῇ.
883 402 886 407 ·

159 473 187 525 5.
214 469 338 529 Φίλιστος
356 464 384 519 δὲ
407 463 564 538 θουκυδίδη
582 465 685 535 μᾶλλον
698 464 800 527 δόξειεν
813 468 865 523 λοι·

96 555 170 608 κίναι
188 550 234 605 καῖ
256 544 315 605 κατ’
334 547 437 604 ἐκεῖνον
450 551 618 622 κοσμεῖσθαι
635 548 684 603 τύν
693 553 866 623 χαρακτῆρα.

95 631 157 691 ούτε
176 636 229 710 γάρ
257 631 395 690 ύπύθτσιν
419 633 510 703 εῖληφε
525 634 684 703 πολυωφελῆ
703 632 751 688 καῖ
763 635 867 704 κοινῆκ,

96 716 186 794 ὥσπερ
202 716 385 787 θουκυύίδης,
411 712 479 771 άλλοῖ
500 718 583 788 μίαν,
609 716 656 772 καῖ
670 717 775 786 ταύτην
789 738 867 775 τοτε·

95 804 158 872 νῆν·
186 797 296 878 διῄρηκε
308 796 337 856 δ’
351 796 437 868 αὐτὴν
449 797 484 864 εἷς
496 802 648 874 ἐπιγραφάς
662 800 720 866 δύο,
740 801 804 878 περὶ
816 810 865 858 Σο·

96 889 185 951 κελίας
197 887 246 958 μὲν
267 886 316 954 τῆν
336 887 470 959 προτέραν
492 886 661 958 ίπιγράφων,
687 884 749 957 περί
766 890 867 942 Δωνυ·

94 973 157 1028 σίου
171 971 200 1026 δι’
214 971 262 1039 τήν
276 968 398 1045 ύστὲροιν,
419 967 475 1024 ἔστι
488 968 518 1024 δι’
528 969 594 1041 μία·
615 968 662 1025 καί
677 970 757 1024 τούτο
770 970 867 1044 γνοίης

94 1053 129 1112 ἂν
142 1055 198 1113 άπὸ
213 1056 263 1110 τού
275 1056 367 1117 τέλους
386 1054 433 1122 τῆς
453 1055 598 1123 Σικελικῆς.
627 1054 700 1113 τάξιν
714 1048 743 1108 δ’
760 1050 796 1109 ού
814 1054 864 1124 τῆν

95 1143 242 1214 κρατίστην
261 1135 414 1194 άποδὲδωκε
428 1140 484 1200 τοῖς
498 1136 680 1208 δηλουμένοις,
707 1134 777 1193 οῖλλά
795 1137 865 1194 δυσ-

93 1221 369 1324 παρακολούθητον,
394 1223 485 1293 χεῖρον
512 1224 558 1291 τῆς
593 1219 776 1276 θουκυδίδου.
817 1220 864 1277 καῖ

95 1308 235 1380 πράγμαε
224 1305 322 1368 ἔξωθεν
336 1324 369 1360 ου
359 1301 508 1376 βούλεται
526 1306 750 1405 περιλαμβάνειν,
774 1300 866 1377 ωσπερ

95 1387 159 1448 ούδι
175 1388 352 1457 Θουκυδίδης,
379 1385 466 1445 ἀλλ’
451 1408 522 1444 εστιν
536 1388 667 1460 δμοειδής.
694 1376 764 1455 ηθύς
777 1410 805 1445 τε
820 1410 865 1445 κο-

95 1475 205 1530 λακικὸν
227 1473 274 1528 καῖ
292 1471 519 1546 φιλοτύραννον’
510 1473 648 1571 εμφαίνει,
675 1495 720 1528 και
710 1473 863 1529 ταπεινὸν

96 1582 143 1615 και
132 1558 329 1655 μικρολόγον.
355 1559 401 1625 τῆς
421 1555 449 1610 δὲ
462 1557 561 1661 λέξερις,
587 1543 605 1630 ᾗ
628 1556 799 1625 θουκυδίδης
817 1561 863 1615 κε’-

94 1662 198 1715 γρηται,
224 1626 242 1712 ᾗ
262 1641 309 1711 μὲν
323 1639 466 1708 σημειῶδες
479 1639 525 1695 καῖ
539 1642 679 1714 περίεργον
693 1661 805 1711 πεφυκε,
832 1643 862 1696 τὸ

97 1725 125 1781 δι’
139 1722 307 1797 στρογγύλου
326 1722 373 1777 καῖ
392 1724 488 1796 πικρὸν
507 1724 551 1779 καί
571 1723 793 1795 ἐνθυμηματικὸν
811 1727 862 1796 με’-

95 1829 197 1885 μικται.
228 1809 274 1874 τῆς
288 1809 381 1877 μέντοι
394 1808 608 1879 καλλιλογίας
577 1829 623 1878 της
636 1809 739 1863 ἐκείνου
753 1809 800 1864 καῖ
813 1809 862 1866 τού

96 1891 216 1949 πλούτου
233 1893 284 1947 τῶν
295 1893 494 1970 ἐνθυμημάτων
508 1894 578 1946 κατά
593 1893 661 1946 πολύ
682 1890 794 1967 ύσιερεῖ.
828 1887 861 1948 ού

95 1979 181 2053 μόνον
195 1975 223 2031 δὲ
237 1975 349 2042 τούτοις,
364 1973 484 2031 ἀλλὰκαὶ
495 1979 564 2030 κατά
579 1977 641 2039 τούς
649 1976 860 2048 σχηματισμούς.

96 2058 175 2134 ἡμῖν
187 2063 241 2134 γάρ
256 2061 357 2131 πλήρης
377 2061 530 2129 σχημάτων·
556 2059 603 2115 καί
620 2054 698 2114 ούδὲν
712 2054 790 2131 οἶμαι
803 2057 863 2134 περί

96 2148 148 2201 τῶν
161 2146 283 2217 φανερῶν
304 2146 431 2199 ίπιπλέον
445 2143 500 2198 δεῖν
526 2147 624 2217 λέγειν·
650 2140 666 2212 ῆ
684 2144 712 2199 δὲ
730 2145 862 2200 Φιλίστου

96 2231 195 2304 φράσις
208 2227 333 2297 ὁμοειδὴς
346 2228 422 2283 πᾶσα
432 2226 520 2291 δεινῶς
532 2227 577 2282 καὶ
591 2225 789 2297 ἀσχημάτιστός
796 2232 861 2283 ἐστι·

98 2312 142 2368 καῖ
157 2315 256 2375 πολλάς
271 2306 346 2385 εύροι
373 2332 412 2376 τις
438 2307 472 2365 άν
491 2311 632 2385 περιόδους
652 2311 749 2382 ὁμοίως
771 2315 862 2383 ἐφεξῆς

98 2394 140 2452 ὑπ’
162 2392 247 2451 αύτού
267 2396 506 2466 σχηματιζομένας,
535 2389 594 2450 οἷον
612 2399 639 2449 ἐν
657 2394 725 2468 ιῖρχῇ
740 2399 786 2464 τῆς
801 2395 862 2450 δευ-

97 2481 174 2552 τέρας
187 2482 237 2533 τῶν
251 2478 313 2552 περὶ
333 2480 471 2541 Σικελίας·
506 2477 712 2551 ,Συρακούσιοι
727 2479 755 2533 δὲ
769 2500 861 2555 παρα-

97 2564 243 2634 ,,λαβύυτες
259 2566 394 2636 Μεγαρεῖς
408 2562 454 2617 καί
465 2557 611 2629 Ἐνναίους,
627 2566 814 2638 Καμαριναῖοι
834 2559 862 2616 δι’

92 2644 296 2712 ,,Σικελούςκαῖ
310 2647 373 2711 τούς
380 2641 645 2717 άλλουςσυμμάχοος,
661 2649 732 2716 πλὴν
741 2642 861 2720 Γελοίων,
