1950 2954
97 131 149 191 240
217 128 379 181 DIONYSII
404 125 755 179 HALICARNASSENSIS

98 257 183 305 αενος,
211 235 259 293 καί
277 237 329 291 τῶν
347 234 452 290 ἐκείνου
478 235 683 290 συνουσιαστῶν
697 230 871 307 ntupum

98 322 214 394 κίμνιόν
229 341 255 375 τε
269 320 315 376 καλ
329 321 437 375 Πῶλον.
461 313 554 392 ήψατυ
569 318 597 374 δέ
611 317 658 375 καί
676 319 729 373 τῶν
737 311 870 394 Ἀθήνησι

98 408 219 482 ρητόρων
232 401 248 475 ή
262 405 388 474 ποιητική
400 424 428 458 τε
442 401 489 458 καί
502 406 618 478 τροπική
631 404 745 477 φράσις,
772 400 807 467 ῶς
819 404 870 476 μέν

98 493 213 566 Τίμαιός
226 510 312 560 φησι,
339 489 462 562 Γοργίου
474 483 606 563 άρξαντος
614 529 621 554 ,
644 484 725 558 ήνίκο
737 482 871 558 Ἀθήναζε

95 575 250 652 πρεσβεύων
264 573 447 642 κατεπλήξατο
465 573 529 637 τοεῖς
545 570 697 636 άκοιλοντας
716 576 745 629 ἐν
761 571 796 648 τῇ
814 572 867 643 δη-

95 660 221 734 μηγορίᾳ.
255 656 289 722 ῶς
307 657 336 713 δέ
354 654 474 727 τάληθές
492 657 558 728 ἔχει,
585 656 665 714 όκαί
684 659 869 733 παλαιότερον

96 742 139 800 άεί
157 745 378 816 θαυμαζόμενος,
414 742 586 812 Θουκυδίδης
602 738 741 816 τοῦνομα,
770 741 868 814 δαιμο·

95 829 224 893 νιώτατος
237 830 289 883 τῶν
308 829 494 904 συγγραφέων,
522 825 550 883 έν
568 848 596 882 τε
614 828 651 901 τῷ
668 828 803 900 ἐπιταφίῳ
821 825 869 885 καῖ

95 919 124 971 έν
131 917 190 979 ταῖς
197 913 375 988 δημηγορίαις
384 911 515 986 ποιητικῇ
522 911 678 986 κατασκευῇ
688 913 867 986 χρησάμενος,

95 1002 124 1055 ἐν
137 1002 245 1063 πολλοῖς
258 1000 377 1067 ἐξήλλαξε
389 1000 438 1067 τήν
450 998 593 1073 ἑρμηνείαν
607 993 644 1062 τίς
657 996 740 1070 ὄγκον
753 992 811 1070 ἅμα
822 995 870 1053 καί

96 1085 200 1155 κόσμον
214 1081 355 1157 ὀνομάτων
374 1079 552 1157 άηθέστερον.
578 1081 686 1153 Λησίας
700 1082 729 1137 δέ
742 1084 869 1139 τοιοῦτον

97 1165 179 1224 οὐδὲν
198 1163 313 1236 ήσκησεν
340 1167 387 1244 (έν
403 1169 473 1242 γοῦν
493 1170 550 1231 τοῖς
564 1165 672 1244 σπουδῇ
684 1169 869 1242 γραφομένοις

97 1251 246 1314 δικανικοῖς
272 1250 320 1306 καί
345 1254 585 1326 συμβουλευτικοῖς
611 1254 716 1325 λόγοις)
742 1254 865 1320 ποιήσαι,

96 1339 166 1404 πλήν
184 1339 210 1391 εἴ
225 1357 251 1391 τι
270 1338 368 1409 μικρὸν
385 1340 414 1392 ἐν
434 1340 490 1401 τοῖς
503 1339 711 1411 πανηγυρικοῖς·
739 1335 802 1409 περί
813 1339 867 1411 γάρ

96 1425 147 1476 τῶν
160 1422 334 1477 ἐπιστολικῶν
348 1417 433 1476 αὗτοῖι
449 1420 497 1477 καί
511 1423 662 1496 ἑταιρικῶν,
690 1418 802 1476 καὶτῶν
815 1417 867 1478 άλ-

98 1509 163 1574 λων,
193 1500 241 1566 οὓς
253 1505 320 1577 μετά
335 1504 446 1567 παιδιάς
462 1503 593 1580 έγραιμεν,
619 1502 700 1560 οὐδέν
713 1504 809 1578 δέσμαι
822 1509 867 1563 λέ·

96 1610 161 1663 γειν.
197 1589 295 1656 ὁμοίως
318 1588 345 1641 δέ
363 1593 419 1652 τοῖς
438 1587 556 1654 ἰδιώταις
576 1590 752 1661 διαλέγεσθαι
771 1589 868 1656 δοκῶν,

97 1677 221 1729 πλεῖστον
240 1669 307 1729 ὅσον
326 1670 436 1731 ίδιῶτου
453 1673 588 1747 διαφέρει·
614 1673 660 1730 καί
677 1673 737 1729 ἐπεί
755 1675 869 1745 ποιητής

97 1760 238 1832 κράτιστος
250 1760 346 1832 λόγων,
374 1761 514 1830 λελυμένης
527 1763 555 1814 ἐκ
568 1760 668 1833 μέτρου
681 1761 777 1825 λέξεως,
794 1756 869 1815 ίδίαν

97 1846 156 1899 τινά
177 1845 264 1918 λόγων
286 1841 403 1915 εὖρηκῶς
423 1841 570 1918 ἁρμονίαν,
599 1832 664 1918 ῇτά
679 1840 804 1915 ὀνόματα
817 1867 869 1901 κσ-

97 1934 158 1999 σμεῖ
178 1927 268 1983 τεκαὶ
295 1924 402 1997 ήδδνει,
428 1928 515 2001 μηδὲν
532 1927 626 1998 έχοντα
646 1925 774 2002 ὄγκῶδες,
800 1929 868 2001 μηδέ

97 2016 236 2090 φορτικόν.
265 2013 367 2083 ταάτην
382 2013 508 2086 δευτέραν
521 2016 569 2082 τήν
586 2010 685 2088 άρετήν
698 2014 795 2069 κελεέιω
809 2036 865 2070 πα·

97 2103 131 2174 ρά
146 2103 194 2154 τοῦ
209 2101 322 2173 ῥήτορος
335 2097 435 2155 τούτου
454 2099 616 2171 λαμβάνειν,
644 2101 671 2154 σῖ
680 2119 747 2164 τινες
762 2096 869 2164 άξιοῖισι

98 2188 145 2240 τὸν
172 2181 257 2239 αὐτόν
282 2185 372 2256 έκείνῳ
401 2183 576 2255 διαλέγεσθαι
602 2185 713 2257 τρόπον.
740 2188 868 2258 ἐγένοντο

98 2272 146 2338 μέν
166 2260 217 2324 οδν
235 2267 330 2325 πολλοί
356 2271 403 2337 τής
422 2271 601 2343 προαιρέσεως
627 2267 726 2340 ταδτης
745 2266 868 2337 ζηλωταί,

100 2357 265 2424 συγγραφεῖς
278 2375 305 2408 τε
323 2353 370 2409 καί
391 2354 512 2428 ῥήτορες·
536 2352 645 2426 ἔγγιστα
661 2353 689 2409 δέ
702 2350 788 2426 αδτής
800 2355 870 2428 μετά

103 2437 208 2495 Λυσίαν
233 2433 326 2509 ῇιματο
353 2441 406 2493 τῶν
430 2440 617 2512 πρεσβυτέρων
636 2440 695 2502 νέος
710 2441 870 2509 ἐπασκήσας

97 2513 257 2595 Ἰσοκράτης.
290 2523 336 2579 καὶ
350 2519 399 2580 οὖν
411 2519 447 2578 άυ
459 2524 515 2592 έχοι
529 2543 567 2588 τις
580 2520 679 2597 εἰπεῖν,
708 2526 871 2600 προσωτέρω

101 2602 200 2659 τοδιων
229 2609 351 2682 σκοπῶν,
384 2610 490 2683 ἐτέρους
513 2609 627 2685 ῥήτορας
657 2605 735 2678 λαχεῖν
754 2607 870 2667 καὶδό-
