1950 2954
122 173 174 234 224
253 167 417 221 DIONYSII
435 162 779 218 HALICARNASSENSIS
833 230 836 235 Ι

397 276 609 331 ΠΑΝΤΑΣῙΣ.

184 362 212 418 4.
238 357 386 422 Πανάασις
399 357 427 415 δὲ
446 361 494 422 τάς
507 352 529 414 τ’
548 353 653 431 άμφοῖν
665 354 762 433 άρετάς
775 352 891 432 ἧνίγκα.

124 467 163 513 το,
179 445 225 501 καί
238 439 327 500 αὐτῶν
340 443 512 517 πραγματείᾳ
531 440 577 499 καὶ
591 440 624 516 τῇ
638 436 696 497 κατ’
710 435 798 498 αάτίν
811 438 891 498 σίκα-

125 531 206 604 νσμίιμ
221 528 367 600 διήνεγκεν.

397 615 611 668 ΠΙΝΔΑΡΟΣ.

189 702 215 754 5.
240 699 361 766 Ζηλωτδς
388 694 416 751 δί
442 699 490 752 καί
514 694 656 770 Πίνδαρος
680 689 823 769 άνομάτων
842 691 891 751 καί

125 783 266 854 νοημάτων
280 780 381 848 εἵνεκα,
399 779 445 836 καί
470 777 700 857 μεγαλοπρεπείας
724 778 773 836 καί
797 781 889 846 τόνου,

124 865 171 925 καί
181 865 339 940 περιουσίας
352 864 398 922 καί
424 867 597 937 κατασκευῆς,
622 860 669 920 καί
695 862 832 937 δυνάμεως
844 857 892 921 καί

123 952 230 1027 πικρίας
243 953 312 1023 μετά
325 947 437 1019 ἡδονῆς·
460 948 505 1005 καί
525 950 690 1019 πυκνότητος
703 947 749 1006 καλ
762 950 892 1022 σεμνάτη·

124 1058 181 1104 τος,
197 1034 243 1092 καὶ
262 1035 446 1110 γνωμολογίας
465 1032 511 1087 καί
529 1034 673 1108 ἐνεργείας,
691 1030 738 1088 καί
756 1052 892 1105 σχηματι-

124 1125 206 1193 σμῶν,
221 1120 266 1174 καὶ
280 1117 442 1188 ἠθοποιίας,
465 1115 512 1172 καί
533 1113 663 1187 αὐξήσεως
677 1115 723 1173 καί
736 1117 893 1182 δεινάσεως·

124 1208 240 1279 μάλιστα
256 1203 283 1257 δὲ
297 1205 349 1257 τῶν
361 1201 397 1265 είς
423 1200 601 1277 σωφροσίινην
623 1200 670 1257 καί
691 1196 833 1276 εὐσέβειαν
846 1200 892 1260 καί

124 1289 354 1363 μεγαλοπρέπειαν
365 1284 450 1356 ἠθῶν.

375 1373 618 1426 ΣΙΜΩΝῙΔΗΣ.

192 1461 219 1512 6.
243 1455 399 1525 Σιμωνίδου
419 1452 447 1508 δὲ
473 1455 683 1528 παρατὴρατὴν
709 1456 823 1531 ἐκλογήν
837 1459 890 1513 τῶν

125 1537 273 1610 ὀνομάτων,
287 1543 330 1608 τῆς
345 1541 495 1602 συνθέσεως
509 1539 556 1607 τὴν
570 1537 726 1611 ἀκρίβειαν·
746 1542 814 1614 πρὸς
828 1540 891 1597 τοί·

124 1643 188 1695 τοις,
202 1617 267 1677 καθ’
285 1617 301 1675 ὃ
315 1622 424 1692 βελτίων
451 1620 602 1696 εὑρίσκεται
628 1621 674 1680 καί
688 1622 845 1698 Πινδάρου,
859 1625 890 1681 τά

125 1705 289 1772 οἰκτίζεσθαι
300 1707 337 1778 μή
349 1706 567 1779 μεγαλοπρεπῶς,
583 1702 647 1778 ἀλλ’,
662 1705 696 1772 ὥς
706 1710 813 1777 ἐκείνας,
831 1731 890 1767 πα·

123 1792 250 1860 θητικῶς.

375 1879 635 1931 ΣΤΕΣΙΧΟΡΟΣ.

189 1964 214 2018 7.
232 1955 302 2034 Ὅρα
316 1958 345 2014 δε
359 1980 404 2015 και
395 1958 622 2033 κ”Στησίχαρον
607 1980 634 2015 εν
646 1981 675 2016 τε
690 1963 749 2026 τοῖς
760 1964 891 2039 ἑκατέρου

124 2048 175 2101 τῶν
189 2045 387 2143 προειρημένων
414 2045 623 2116 πλεονεκτήμασι
638 2048 843 2118 κατορθοῦντα,
858 2043 892 2104 οί

123 2151 174 2200 ιιην
189 2127 257 2187 ἄλλοί
271 2128 318 2185 καί
330 2117 366 2184 ὧν
381 2132 478 2186 ἐκείνοι
492 2130 629 2185 λείπονται
642 2132 804 2203 κρατουντα.
824 2137 892 2209 λέγω

123 2215 151 2268 δὲ
170 2219 217 2283 τῆς
243 2214 473 2292 μεγαλοπρεπείας
499 2215 551 2268 τῶν
575 2215 645 2269 κατά
671 2217 718 2279 τάς
745 2213 892 2283 ὑποθέσεις

123 2300 303 2370 πραγμάτων,
330 2301 358 2354 ίν
382 2288 423 2363 οίς
436 2319 470 2352 τα
463 2293 542 2363 ηθη
556 2296 603 2354 καί
627 2300 661 2353 τά
686 2296 875 2373 άξιώματα”
840 2323 891 2358 των

121 2381 271 2452 προσώπων
295 2383 441 2457 τετήρηκεν

414 2462 597 2523 ἍΛΚΛῙΟΣ.

179 2546 209 2602 8.
232 2540 353 2604 Αλκαίου
360 2549 389 2605 δε
403 2552 535 2608 σκόπειτὸ
546 2551 715 2626 μεγαλοφυίς
728 2574 776 2610 και
766 2552 888 2629 βραχίι,

95 2645 146 2682 και
142 2623 220 2703 ηάυ
227 2636 306 2710 μετα
327 2636 499 2714 δεινότητος,
512 2637 556 2697 ῗτι
576 2638 605 2696 δε
624 2635 671 2694 καὶ
681 2637 744 2703 τους
754 2660 889 2707 σχηματε
