1950 2954
111 195 225 262 nnus,
245 192 342 265 QVAE
357 166 786 250 Tuv'cvn.1³1101²nusm.
824 198 861 261 ιο

89 322 153 378 ρων,
181 288 267 367 αῶθις
278 301 308 357 ἀί
319 294 443 374 τοῶνομα
453 304 527 377 ρῆμα
540 304 642 359 ποιῶν·
667 301 715 360 καί
727 295 817 358 οὔτῶν
829 323 860 376 γι

89 385 194 442 τοώτων
208 383 383 461 ἀναστρέφων
396 387 445 452 τάς
451 389 570 459 χρὴσεις,
590 385 636 444 vua
649 387 682 443 τὸ
693 387 743 458 μὲν
756 383 862 459 ἀνομα-

90 472 179 535 τικόν,
208 470 369 545 ῥηματικὸν,
397 471 429 525 τί
455 469 484 526 δὲ
510 472 668 544 ῥηματικὸν,
696 465 859 542 ὀνοματικὸν

89 557 212 629 λέγηται·
239 552 286 611 καί
308 554 342 608 τά
360 554 410 626 μὲν
430 557 573 624 παθητικά
594 556 716 632 ῥήματα,
743 555 858 628 ίραστή·

89 658 151 713 ρια,
174 641 209 693 τά
222 637 251 693 ἀὲ
265 637 427 713 δραστήρια,
447 642 605 708 παθητικά·
623 640 817 710 πληθυντικῶν
832 637 860 693 ἀὲ

90 723 137 779 καὶ
150 723 243 777 ἑνικῶν
255 719 392 778 ἀλλάττων
418 723 466 785 τάς
480 723 583 793 φίσεις,
610 723 657 780 καί
682 720 859 796 ἀντικατηγο-

89 808 144 877 ρῶν
170 801 250 862 ταῦτ’
280 804 414 874 ἀλληλων·
440 809 550 875 θηλυκά
576 801 598 861 τ’
626 804 785 883 ἀρσενικῶς,
812 807 858 863 και

88 886 193 965 ἄρρενα
206 893 345 960 θηλυκοῖς,
373 890 420 946 καὶ
445 885 569 966 οῶίίτερα
597 889 700 946 τοώτων
720 890 775 946 τισὶ
794 909 858 945 συν·

89 977 198 1031 άπτων·
224 978 252 1038 ἐξ
268 961 305 1030 ῶν
323 970 339 1043 ἦ
356 972 425 1030 κατά
439 973 524 1045 φύσιν
538 973 695 1031 ἀκολουθία
708 974 858 1030 πλανᾶται·

89 1055 211 1123 τάςί”
196 1061 372 1131 ονοματικῶν,
402 1081 418 1128 η
430 1061 585 1133 μετοχικῶν,
611 1059 724 1123 πτωσεις
735 1078 798 1113 τοτε
810 1058 859 1130 μίν

89 1145 158 1218 πρὸς
171 1146 201 1199 τὸ
227 1144 422 1214 σημαινόμενον
450 1139 506 1199 ἀπὸ
526 1145 575 1199 τσῶ
589 1140 808 1216 σημαίνοντος’
790 1163 858 1198 απο·

88 1229 216 1303 στρέφων,
245 1229 306 1284 τοτὲ
331 1227 361 1284 δι’
385 1228 454 1302 πρὸς
471 1229 502 1283 τό
521 1230 655 1301 σημαῖνον
673 1225 729 1284 ἀπὸ
747 1229 798 1282 τοῦ
813 1247 858 1295 ση·

90 1314 270 1386 μαινομένου·
297 1317 326 1367 ἐν
341 1311 370 1368 δι’
383 1316 440 1377 τοῖς
459 1311 637 1377 συνδετικοῖς,
663 1312 709 1369 καί
723 1315 779 1375 τοῖς
793 1332 857 1386 προ·

90 1398 210 1459 θετικοῖς
222 1397 339 1472 μορίοις,
368 1395 413 1452 καὶ
426 1395 462 1453 ἔτι
474 1399 580 1470 μᾶλλον
597 1400 625 1452 ἑν
638 1400 695 1462 τοῖς
708 1396 858 1470 διαρθροῦ-

90 1503 118 1538 σι
130 1476 178 1546 τάς
190 1482 241 1535 τῶν
254 1483 398 1553 νοημάτων
412 1479 545 1555 δυνάμεις,
559 1482 676 1551 ποιητοῦ
703 1482 804 1556 τρόπον
817 1482 858 1535 ίν·

88 1567 260 1638 εξουσιάζων,
274 1568 386 1621 πλείστα
399 1561 427 1623 θ’
449 1561 483 1622 ἀν
495 1586 534 1632 τις
551 1562 625 1642 εάροι
639 1559 703 1640 παρ’
723 1560 795 1636 αὐτῶ
806 1564 858 1619 τῶν

88 1652 232 1721 σχημάτων
249 1649 401 1724 προσώπων
418 1645 440 1703 τ’
460 1647 659 1727 ἀποστροφαῖς,
686 1648 731 1705 καὶ
755 1649 858 1722 χρόνων

89 1735 262 1805 ἐναλλαγαῖς
290 1733 337 1788 καὶ
362 1736 481 1791 τοπικῶν
504 1735 668 1807 σημειώσεων
691 1737 858 1809 μεταφοραῖς

89 1818 275 1888 ἐξηλλαγμένα,
303 1813 349 1869 καὶ
368 1818 547 1920 σολρικισμών
560 1820 735 1890 λαμβάνοντα
748 1838 855 1888 φαντα-

89 1903 153 1956 σίαν
166 1898 339 1970 ἀποστίγειν·
364 1895 382 1966 ἢ
396 1892 430 1952 τά
443 1900 591 2001 πράγματα
604 1897 665 1956 ἀντι
678 1904 814 1998 σωμάτων,
841 1897 858 1966 ἢ

90 1984 251 2058 τὰσώματα
277 1979 337 2036 ἀντὶ
363 1984 538 2086 πρμγμάτοιν,
564 1979 612 2037 καὶ
630 1979 672 2054 ἐφ’
691 1971 726 2037 ῶν
739 1987 858 2083 ίνθρμη·

91 2072 182 2142 μάτων
201 2089 228 2122 τε
252 2066 298 2121 καί
318 2066 460 2137 νοημάτων
485 2065 515 2121 αἱ
518 2066 633 2169 μετμξίι
659 2065 859 2139 παρεμπτώσεις

92 2153 191 2209 πολλοι
202 2153 355 2226 γινόμεναι,
382 2144 429 2204 διά
441 2151 548 2224 μακροῖ·
561 2150 609 2217 τήν
623 2145 795 2205 ἀκολουθίαν
809 2167 858 2203 κο-

89 2238 223 2312 μίζονται,
251 2236 285 2290 τά
305 2229 453 2303 τεσκολιά,
481 2256 526 2289 και
516 2231 710 2304 πολύπλοκα,
735 2252 781 2288 και
771 2228 857 2286 δυσ-

91 2326 126 2386 ιξι
123 2324 213 2386 ’,λικτα
241 2318 286 2375 καὶ
302 2317 333 2374 τά
347 2314 415 2374 ἀλλα
428 2315 462 2373 τά
475 2322 589 2393 συγγενῆ
603 2317 716 2382 τούτοις.
739 2309 856 2390 εὕροιό’

92 2401 127 2462 ἀν
141 2427 179 2470 τις
193 2399 243 2459 οὔκ
257 2400 336 2477 ὀλίγα
353 2402 399 2460 καί
419 2404 471 2459 τῶν
488 2402 641 2478 θεατρικῶν
653 2401 794 2474 σχημάτων
806 2402 857 2455 κεί-

90 2511 157 2563 μενα
172 2483 240 2562 παρ’
260 2483 348 2562 αῶτῷ·
376 2484 422 2552 τάς
437 2487 597 2562 παρισώσεις
610 2488 684 2561 λέγω,
707 2507 754 2542 και
766 2504 856 2560 παρο-

91 2573 223 2646 μοιώσεις,
254 2571 299 2627 καὶ
325 2572 537 2646 παρονομασίας,
566 2570 612 2629 καὶ
638 2568 802 2636 ἀντιθέσεις·
829 2575 856 2627 ἐν

92 2650 135 2722 υἷε
144 2658 287 2714 ἐπλεόνασε
302 2657 419 2732 Γοργίας
432 2655 448 2714 ὅ
460 2660 619 2730 Λεοντίνος,
635 2656 683 2716 καὶ
696 2654 727 2715 οἳ
737 2655 805 2732 περὶ
810 2654 875 2709 1151-

121 2738 231 2787 Dlom·
247 2740 279 2787 Τ.
293 2737 333 2787 VI.
640 2743 671 2793 D
