1950 2954
158 176 191 232 28
260 169 421 223 DIONYSII
440 165 694 220 flALchRNAss.
712 167 825 221 EPIST-

158 280 265 347 ζομίνης
281 270 327 331 ὑπ’
341 271 428 332 αύτοῦ
441 276 578 339 πολιτείας
589 275 724 346 ἐκβάλλει,
752 271 928 344 στεφανώσας

159 361 205 416 καί
218 360 413 435 μύρτρχρίοας·
435 357 468 420 ῦς
490 357 523 426 δὴ
543 357 645 414 τούτων
663 353 737 432 αύτῷ
758 356 818 414 όίον
830 359 928 429 ἔκβαλε

159 448 270 517 λομίντρ,
286 439 319 498 δι’
340 437 372 499 όν
394 437 451 510 ἥτ’
471 437 537 512 άλλη
554 442 664 498 παιόεία
684 442 761 498 πάσα
782 444 926 515 παρῆλθεν

160 527 195 590 εὶς
209 530 257 582 τόν
270 528 340 598 βίον,
349 525 394 581 καί
405 527 552 582 τελευτῶσα
565 527 724 598 φιλοσοφία.
740 522 808 579 άλλά
822 528 928 596 θῶμεν,

160 611 216 667 άπὸ
230 612 278 665 τοῦ
293 611 433 680 βελτίστου
448 603 482 664 δι’
503 605 588 675 αὐτὴν
615 611 663 679 τήν
679 607 812 678 άληθειαν
836 611 929 667 πάντα

161 696 243 766 λέγειν
270 692 361 763 άληθῆ
376 694 528 749 Πλάτωνα·
547 695 574 747 τί
589 681 637 748 ούν
651 688 755 750 άτοπον
769 696 927 764 ἐποιοῦμεν,

154 783 218 841 ’τοῖς
231 778 333 834 ἐκείνου
355 778 448 849 νόμοις
458 776 607 851 χρώμενοι,
626 775 671 833 καί
684 776 931 851 ἀντιπαρεξετάζειν

162 859 234 935 αύτῷ
250 863 311 925 τοῦς
324 863 376 917 τῶν
389 863 604 934 ἐπακμασάντων
617 864 714 936 λόγους
725 862 906 933 βουλόμενοι,-

221 1024 321 1084 Ἔπειτ’
336 1025 403 1085 οῦιίί
415 1030 506 1102 μόνος,
521 1023 584 1083 ούόέ
597 1029 708 1102 πρῶτος,
724 1029 931 1101 ἐπιφανήσομαι

166 1113 224 1187 περὶ
245 1116 389 1177 Πλάτωνος
415 1112 583 1185 ἐπιχειρήσας
596 1134 621 1168 τι
646 1114 739 1185 λέγειν.
764 1108 825 1167 οὐδ’
843 1107 879 1167 άν
893 1134 932 1179 τις

164 1195 219 1264 ἔχοι
237 1193 292 1251 κατ’
322 1193 391 1252 αύτό
406 1199 487 1251 τοῦτο
501 1196 668 1268 μέμψασθαί
678 1209 681 1213 ’
692 1216 725 1269 με
739 1197 769 1249 τό
784 1198 871 1272 μέρος,
887 1193 930 1252 ὅτι

164 1281 211 1334 τόν
224 1282 440 1349 ἐπιφανέστατον
454 1282 506 1334 τάν
520 1281 690 1351 φιλοσόφων,
710 1279 757 1334 καὶ
770 1281 900 1353 πλείοσιν,
915 1278 930 1347 λ

165 1362 283 1428 δώδεκα,
310 1367 412 1438 γενεαῖς
437 1364 556 1435 ἐμαυτοῦ
582 1362 777 1436 πρεσβύτερον,
805 1367 931 1430 ἐξετάζειν

164 1448 347 1518 ἐπεβαλόμην,
377 1446 410 1512 ὡς
425 1449 458 1514 δή
475 1446 521 1501 ύιά
536 1450 617 1502 τοῦτο
633 1449 710 1515 δόξης
722 1449 794 1509 τινὸς
807 1449 931 1520 τευξόμε-

166 1550 217 1593 νος.
234 1532 328 1587 πολλοὶ
348 1534 401 1603 γάρ
420 1530 616 1604 εὑρεθήσονται
635 1534 688 1604 πρὸ
702 1535 768 1604 ἐμοῦ
783 1533 866 1586 τοῦτο
879 1553 930 1587 πε-

166 1615 316 1679 ποιηκότες,
345 1613 372 1666 οἱ
390 1614 437 1683 μὲν
451 1613 521 1668 κατά
533 1615 580 1670 τὸν
595 1616 698 1670 ἐκείνου
710 1617 850 1689 γενόμενοι
862 1619 929 1689 χρό-

167 1716 222 1760 νον,
237 1694 263 1749 ολ
279 1696 307 1751 δὲ
321 1698 382 1752 λίαν
400 1692 513 1771 ὕστερον
540 1701 751 1770 ἐπακμάσαντες.
772 1699 819 1754 καὶ
830 1702 884 1774 γάρ
898 1702 930 1755 τά

166 1780 290 1854 δόγματα
311 1779 435 1853 διέβαλον
463 1777 549 1836 αῦτοῦ
577 1804 653 1847 τινες,
672 1782 719 1838 καί
746 1783 808 1844 τούς
834 1785 930 1856 λόγουςΙ

165 1867 334 1937 ἐμέμψαντο·
361 1867 527 1938 πρῶτονμὲν
542 1865 558 1920 ὅ
582 1866 765 1940 γνησιώτατος
779 1863 865 1921 αύτοῦ
880 1888 931 1938 μα-

166 1949 265 2016 θητὴς,
284 1943 474 2022 Ἀριστοτέλης,
504 1949 593 2004 ἔπειτα
613 1948 640 2005 οἱ
655 1950 715 2023 περὶ
729 1952 930 2026 Κηφισόόωρόν

167 2054 204 2101 τε,
218 2031 262 2086 καί
278 2033 448 2105 Θεόπομπον,
465 2032 510 2088 καὶ
526 2033 638 2100 Ζωίλον,
659 2031 931 2106 καλἾππούάμαντα,

169 2117 213 2170 καὶ
227 2118 390 2190 Δημήτριον,
417 2117 463 2171 καὶ
477 2111 555 2173 ἄλλοι
573 2118 682 2187 συχνοὶ,
703 2112 736 2173 ού
752 2117 797 2172 dui
810 2120 931 2188 φθόνον,

167 2198 244 2267 ἣόιά
258 2199 551 2271 φιλαπεχθημοσύνην,
578 2200 782 2273 κωμῳδοῦντες,
801 2200 869 2256 άλλά
884 2204 933 2270 τήν

169 2281 301 2350 άληθειαν
316 2287 481 2348 ἐξετάζοντες.
506 2285 645 2348 τοσούτοις
656 2286 690 2352 δὴ
705 2285 751 2340 καί
765 2286 932 2354 τηλικούτοις

169 2364 284 2440 άνῦράσι
298 2367 499 2440 παραδείγμασι
510 2369 654 2440 χρώμενος,
683 2366 728 2422 καί
744 2371 817 2442 παρά
832 2372 933 2434 πάντας

71 2489 74 2493 -
167 2449 203 2521 τῷ
215 2452 329 2522 μεγίστῳ
344 2452 479 2515 Πλάτωνι,
489 2447 568 2507 ούὸὲν
582 2449 706 2523 ἡγούμην
719 2455 764 2520 τῆς
778 2456 933 2522 φιλοσόφου

168 2535 309 2604 ῥητορικῆς
324 2538 411 2588 ποιεῖν
425 2533 574 2607 άλλάτριον,
590 2534 717 2608 άγαθούς
731 2533 851 2608 άγαθοῖς
865 2535 933 2592 άντ-

164 2618 295 2681 εξετάίων.
320 2617 377 2693 περὶ
402 2620 451 2691 μὲν
470 2608 520 2673 ούν
536 2623 580 2688 τῆς
606 2623 794 2696 προαιρέσεως,
809 2615 840 2688 ἣν
855 2619 931 2688 ἔσχον
