1950 2954
126 206 174 259 An
184 204 239 256 CN.
250 203 355 255 POMP.
365 205 413 254 DE
423 202 578 254 PRAECIP.
588 202 797 255 HISTORICIS.
820 208 854 264 ᾖ

91 311 171 367 τοῖτό
185 312 258 377 ἕσας
284 313 315 366 τό
329 305 399 365 καθ’
427 311 541 378 ἑκάστην
563 310 662 384 πρᾶξιν
673 312 709 380 μὴ
724 312 809 381 μόνον
821 312 855 366 τά
907 318 910 323 “

90 396 195 469 φανερά
208 399 266 459 τοῖς
279 398 388 458 πολλοῖς
401 394 470 469 όρᾷν
483 395 530 449 καί
543 396 639 467 λε’γειν,
668 392 716 449 άλλ
730 395 853 460 ἐξετάζειν

88 480 135 537 καί
151 481 200 543 τάς
217 477 332 550 ἀφανεῖς
344 476 432 543 αἰτίας
451 480 502 533 τῶν
520 480 640 545 πράξεων
655 477 700 533 καί
713 480 765 532 τῶν
778 478 852 551 πρα-

85 559 294 629 ξάντωναιῖτάς,
323 563 416 619 καῖτά
428 565 568 633 παθητῆς
587 566 685 635 ψυχῆς,
710 557 784 636 άμῄ
799 560 851 637 ῥά.
935 575 937 581 ’

86 649 132 706 δια
147 651 204 711 τοῖς
217 651 326 711 πολλοῖς
338 647 449 703 εἰδέναι·
469 647 515 702 καί
527 650 617 703 πάντα
631 645 804 702 ἐκκαλύπτειν
819 651 852 702 τά

84 734 219 807 μυστήρια
239 736 284 802 τῆς
303 753 331 787 τε
350 731 481 800 δοκούσης
498 729 592 806 οῖρετῆς
606 731 653 792 καὶ
672 735 718 801 τῆς
736 729 851 805 άγνσου·

84 817 166 890 μένης
180 820 283 882 κακίας.
299 819 346 870 καί
357 837 405 888 μοι
419 819 492 871 δοκεῖ
504 816 538 880 ῶς
552 817 568 870 ὁ
580 818 769 890 μυθευόμενος
781 809 851 871 εἶναι

86 903 137 955 τῶν
163 902 255 974 φυγῶν
282 898 475 957 ἀπολυθεισῶν
495 903 545 957 τοῖν
571 901 694 973 σώματος
713 902 852 971 ἐξετασμὸς

85 984 130 1041 ε’πί
144 987 196 1040 τῶν
208 989 261 1041 ἐκεῖ
275 987 420 1058 δικαστῶν,
447 981 530 1051 οὕτως
550 982 662 1060 οῖιιριβὴς
678 978 745 1038 εῖναι
765 984 781 1038 ό
807 982 852 1038 διά

84 1074 132 1138 τῆς
147 1072 312 1143 Θεοπόμπου
325 1075 433 1146 γραφῆς
443 1073 607 1144 γιγνόμενος.
636 1069 677 1123 διό
690 1067 735 1123 καί
748 1069 852 1140 βάσκα-
946 1120 949 1125 .

86 1177 130 1218 νος
144 1153 231 1220 ἔδοξεν
245 1149 321 1222 εἶναι,
341 1157 540 1229 προλαμβάνων
553 1156 615 1209 τινά
628 1157 684 1217 τοῖς
694 1150 853 1224 ἀναγκαίοις

86 1236 248 1310 ὀνειδισμοῖς
277 1238 323 1294 καί
351 1242 384 1295 τά
411 1241 463 1294 τῶν
488 1240 599 1300 ἐνδόξων
626 1237 776 1311 προσώπων
802 1231 851 1291 οὐκ

84 1320 223 1395 ιίναγκαῖοι
237 1325 400 1397 πράγματα·
418 1320 515 1395 ὅμοιόν
529 1345 553 1377 τι
567 1325 650 1379 ποιῶν
667 1324 723 1385 τοῖς
736 1317 850 1395 ἰατροῖς,

84 1405 114 1462 οἳ
128 1410 252 1480 τέμνουσι
266 1407 311 1462 καί
324 1411 434 1464 καίουσι
447 1410 481 1463 τά
495 1408 682 1482 διεφθαρμένα
696 1409 746 1460 τοῦ
756 1405 850 1477 σῶμα-

85 1512 139 1565 τος,
164 1490 197 1556 ῶς
210 1493 319 1564 βάθους
338 1496 371 1549 τά
389 1493 522 1567 καυτήρια
536 1492 582 1548 καί
596 1495 642 1555 τάς
656 1492 738 1562 τομαῖς
749 1490 850 1564 φέρον-

87 1597 139 1641 τες,
168 1573 230 1632 οὐδὲ
246 1579 298 1631 τῶν
313 1575 489 1650 ὖγιαινόντων
502 1577 548 1633 καί
559 1579 628 1632 κατά
641 1575 725 1648 φύσιν
738 1574 851 1642 ἐχόντων

88 1664 286 1732 στοχαζόμενοι.
311 1663 433 1727 τοιοῦτος
450 1663 498 1733 μὲν
519 1662 551 1730 δη
574 1684 612 1727 τις
630 1661 645 1716 ό
666 1659 852 1734 πραγματικός

92 1747 256 1814 Θεοπόμπου
274 1747 421 1816 χαρακτήρ.

152 1823 186 1878 ‘0
204 1825 231 1878 δὲ
251 1827 368 1889 λεκτικὸς
391 1823 537 1901 Ἰσοκράτει
562 1829 678 1899 μάλιστα
699 1827 775 1882 ἔοικε.
807 1848 853 1881 κα-

89 1910 168 1980 θαρά
181 1911 233 1981 γάρ
249 1905 264 1976 ἦ
278 1909 351 1974 λέξις,
379 1910 427 1964 καὶ
439 1910 523 1976 κοινὴ,
544 1909 588 1964 καί
601 1913 702 1981 σαφὴς,
725 1909 812 1983 ὑψηλὴ
828 1929 854 1962 τε

87 1993 135 2048 καί
148 1993 362 2064 μεγαλοπρεπής,
390 1991 435 2047 καί
461 1995 491 2045 τό
510 1995 649 2065 πομπικόν
661 1993 759 2062 ίγουσυ
773 1992 854 2063 πολύ,

87 2080 246 2151 συγκειμένη
262 2095 288 2131 τι
302 2077 372 2131 κατά
386 2077 435 2144 τὴν
444 2079 528 2147 μέσην
542 2074 683 2149 ἁρμονίαν,
711 2070 793 2142 ἡδέως
810 2073 855 2127 καί

86 2164 211 2233 μαλακῶς
237 2163 346 2235 ῥέουσα.
375 2161 525 2216 διαλλάττει
552 2159 580 2215 δὲ
606 2163 652 2228 τῆς
675 2154 855 2231 Ἰσοκρατείου

86 2249 156 2301 κατά
170 2248 219 2315 τήν
233 2248 382 2320 πικρότητα
395 2245 441 2301 καί
461 2247 509 2300 τόν
524 2246 603 2300 τόνον
616 2239 656 2299 ἐπ’
672 2242 762 2307 ἐνίων,
789 2236 856 2296 ὅταν

85 2334 217 2404 ἐπιτρίψῃ
236 2333 294 2394 τοῖς
310 2332 429 2396 πάθεσι,
456 2331 573 2402 μάλιστα
587 2324 625 2395 δ’,
654 2324 719 2383 ὅταν
742 2323 855 2399 ὀνειδίζῃ

86 2418 206 2485 πόλεσιν,
232 2411 250 2482 ἢ
275 2417 452 2489 στρατηγοῖς,
479 2416 584 2490 πονηρά
609 2410 782 2486 βουλεύματα
810 2406 856 2464 καί

86 2501 194 2573 πράξεις
220 2495 339 2562 οῖδίκους.
369 2499 451 2563 πολὺς
476 2500 531 2574 γάρ
556 2503 584 2555 ἐν
600 2499 721 2563 τούτοις,
746 2495 856 2563 καὶτῆς

86 2585 281 2656 Δημοσθένους
307 2583 458 2652 δεινότητος
481 2578 545 2639 οὔδε*
565 2586 635 2638 κατά
652 2582 748 2656 μικρόν
763 2579 855 2648 διαφί-

88 2688 141 2742 ριι,
168 2667 201 2730 ῶς
215 2671 241 2730 ἐξ
253 2662 337 2722 άλλων
351 2669 454 2724 πολλῶν
468 2663 502 2724 άν
521 2689 560 2736 τις
572 2666 649 2737 ἴδοι,
676 2659 735 2742 κόρα
745 2667 800 2719 τῖον
816 2659 869 2731 ἶνα·
