1950 2954
132 206 179 254 DE
194 203 317 255 ADMIR.
332 204 526 257 VIDICENDI
541 206 577 258 IN
592 205 776 257 DEMOSTH.
810 213 862 269 233

100 311 213 383 φθείροι
228 311 258 364 τό
274 306 401 382 ἀγαθόν,Ι
421 307 445 366 εί
463 311 491 364 όέ
505 307 550 366 καί
563 309 662 366 τούτου
687 311 860 382 στογιίσαιτει,

97 392 232 467 μηόεμίαν
246 392 275 448 δέ
287 395 420 468 πρόνοιαν
432 393 494 464 έχων
506 396 636 465 φαίνοιτο
650 396 699 450 τοῖν
714 399 863 470 πρέποντος

98 481 155 542 τοῖς
170 475 370 550 ὑποκειμένοις,
397 477 446 535 οὔκ
464 475 595 548 ἀνόνητος
608 473 683 552 αότρῖ
710 480 761 543 πάς
775 479 790 534 ό
803 477 863 554 περὶ

99 565 187 616 ἐκεῖνα
213 561 289 618 ἔσται
313 566 411 631 πόνος,
436 565 499 635 ἐμοί
511 558 536 635 γ’
552 549 603 618 οὖν
618 564 699 620 δοκεῖ.
727 565 813 619 ταῦτα
829 564 861 632 dri

97 646 269 716 καταμαθὼν
282 646 299 701 ὅ
311 649 505 719 Δημοσθένης,
532 649 565 702 τοί
579 668 607 702 τε
617 650 682 720 μέλη
696 650 749 704 τῶν
763 644 861 719 όνσμοῖ·

97 747 149 784 των
161 729 207 784 καί
220 729 325 797 κώλων,
352 730 399 786 καῖ
410 731 474 794 τούς
483 732 598 804 χρόνους
611 727 699 787 αῧτῶν
712 733 861 804 ἐπιλογιζό-

96 832 189 883 μενος,
204 808 276 868 οὕτω
289 815 482 888 συναρμόττειν
500 811 569 870 αάτά
583 816 707 891 ἐπειρᾶτο
715 855 723 880 ,
735 811 796 872 ὥστ’
811 819 861 888 έμ-

95 899 162 969 μελῆ
177 901 329 966 φαίνεσθαι
354 898 400 954 καί
427 895 564 972 εέίρυθμα.
591 901 758 964 ἐξαλλάττειν
773 919 800 954 τε
814 899 862 956 καί

96 983 242 1036 ποικίλλειν
269 983 396 1058 ἑκάτερον
421 979 511 1039 αάτῶν
530 984 654 1058 ἐπειρᾶτο
666 986 773 1057 μυρίοις
786 978 861 1048 ὅσοις

96 1067 217 1137 σχήμασι
230 1066 278 1122 καί
291 1069 417 1142 τρόποις·
436 1065 484 1123 καί
497 1068 546 1123 τοῖν
560 1067 718 1142 πρέποντος,
732 1063 799 1136 ὅσην
814 1064 861 1124 οὗ·

96 1149 148 1214 όελς
161 1152 212 1207 τῶν
224 1149 286 1226 περὶ
298 1153 395 1226 λόγους
410 1151 624 1219 σπουδαζόντων,
640 1154 758 1207 ἐποιεῖτο
773 1151 860 1208 δόσιν.

94 1232 264 1305 ἐνθυμηθείς
278 1236 321 1305 όέ,
348 1231 436 1310 ὥσπερ
462 1236 545 1308 ἴφην,
571 1233 606 1300 ὦς
620 1235 666 1290 όιιὶ
693 1237 745 1291 τῶν
772 1231 860 1292 οὔτῶν

96 1318 198 1374 τοίτων
220 1321 404 1393 θεωρημάτων
417 1317 434 1375 ὅ
457 1341 486 1375 τε
500 1315 565 1388 ἠόίις
577 1321 679 1392 γίνεται
692 1321 772 1392 λόγος
784 1319 832 1375 καὶ
846 1318 861 1375 ό

96 1403 185 1469 καλός,
199 1404 305 1458 ἐσκόπει
319 1404 410 1472 πάλιν,
437 1404 464 1458 τί
476 1397 536 1459 ποτ’
550 1391 584 1472 ἦν
598 1404 630 1458 τό
643 1405 740 1470 αἴτιον,
769 1399 813 1459 ότι
825 1406 860 1458 τό

96 1482 167 1541 αὐτοὶ
181 1482 215 1541 οὔ
227 1490 278 1542 τῶν
291 1483 379 1544 αὐτῶν
392 1475 426 1555 ἦν
439 1488 578 1558 ποιητικοί.
598 1482 704 1561 εὕρισκε
719 1487 751 1555 δὴ
766 1488 819 1543 τῶν
832 1508 861 1542 τε

94 1571 180 1643 μελῶν
194 1565 278 1637 οὔσας
291 1570 432 1646 όιαφσράς,
450 1569 481 1628 αἲ
490 1571 628 1639 ποιοῖισιν,
646 1567 663 1626 οῖ
676 1572 726 1645 μέν
739 1568 860 1643 ἀξιωμα-

94 1657 156 1709 τικοί
182 1656 334 1726 φαίνεσθαι
359 1653 460 1730 αότοῖν,
487 1651 549 1714 ιῖόέ
571 1658 714 1732 γλαφυραί,
730 1651 819 1730 ὥσπερ
832 1658 860 1712 ἐν

94 1741 152 1798 τοῖς
175 1745 316 1809 μουσικοῖς
342 1741 395 1810 ἔχει
416 1744 484 1817 πρός
498 1744 545 1812 τὴν
561 1739 694 1816 ἁρμονίαν
710 1742 740 1796 τό
753 1744 859 1817 χρῶμα·

95 1818 148 1894 κᾷν
161 1826 217 1884 τοῖς
243 1827 362 1896 ῥυθμοῖς
380 1825 408 1878 δέ
433 1828 464 1880 τό
491 1826 681 1899 παραπλήσιον
707 1827 859 1897 γινόμενον,

96 1899 163 1960 οῖστε
177 1905 239 1968 τούς
252 1908 300 1975 μὲν
315 1904 508 1979 ἀξιωματικοὺς
533 1905 622 1962 αὐτῶν
635 1909 788 1976 φαίνεσθαι
814 1905 860 1962 καὶ

96 1991 319 2061 μεγαλοπρεπεῖς,
349 1989 411 2054 τούς
427 1989 455 2044 όέ
479 1989 633 2062 τρυφεροὺς
645 1989 692 2044 καὶ
704 1989 858 2061 μαλακοὺς·

96 2071 124 2128 έν
138 2093 166 2126 τε
189 2076 248 2135 ταῖς
265 2074 427 2144 μεταβολαῖς
446 2073 506 2127 τοτὲ
531 2073 580 2142 μὲν
606 2071 800 2146 ἀρχαιοπρεπὲς
813 2072 860 2128 καί

98 2154 244 2231 αὐστηρόν,
272 2158 303 2212 τό
318 2177 344 2211 τε
357 2158 502 2230 λεγόμενον
514 2158 615 2227 ἐχθρόν
628 2157 673 2212 καί
700 2159 859 2227 φιλόκαινον

98 2242 308 2312 ἐμφαινόμενον·
336 2241 408 2296 τότε
427 2239 459 2309 όὴ
474 2242 585 2314 πρέπον,
601 2238 727 2295 ἁπάντων
741 2243 858 2309 μάλιστα

96 2327 214 2398 μεγοίλην
228 2329 345 2400 παρέχον
369 2323 405 2388 είς
417 2325 544 2397 ἑκιίτερον
557 2319 649 2378 αὐτῶν
663 2325 758 2398 ῥοπὴν.
783 2343 858 2380 συνι-

98 2407 152 2462 δὼν
166 2408 198 2478 dr}
212 2412 316 2484 ταῦτα,
330 2409 412 2465 ὁπότε
437 2409 485 2478 μὲν
498 2410 547 2462 τοῖν
566 2409 651 2463 καλοῖι
677 2407 788 2463 πλείονα
803 2406 861 2485 όεῖν

96 2488 231 2564 αὐτῷτὴν
246 2495 412 2562 κατασκευὴν
428 2491 578 2564 ὑπολάβοι,
606 2493 640 2547 τά
654 2512 681 2547 τε
693 2495 757 2564 μέλη
773 2491 859 2547 ε’πσίει

94 2578 294 2650 μεγαλοπρεπῆ,
308 2576 354 2632 καί
369 2579 432 2640 τοὺς
444 2577 570 2651 ῥυθμοὺς
582 2573 783 2646 ἀξιωματικοὺς,
812 2573 858 2630 καί

97 2662 144 2724 τοὶς
155 2663 307 2734 μεταβολάς
316 2662 458 2736 γενναίας·
485 2661 567 2718 ὁπότε
580 2660 611 2716 ’δέ
623 2665 672 2731 τῆς
683 2664 778 2731 ἑτέρας
789 2656 869 2723 ωἐτῆ
