1950 2954
285 114 335 164 DE
351 111 457 164 ττειε
474 112 649 166 ιυοιοιυυ.
817 119 870 180 255

99 241 183 299 μασιν
200 219 359 295 ἐπιβέβληκε
377 221 433 282 τοῖς
459 212 565 286 ου’τοῖς,
592 214 654 275 οὐδ’
668 218 713 278 ίπλ
725 222 773 285 τός
785 215 871 289 αδτός

98 304 288 376 κατενήνεκται
301 302 441 368 διανοίας·
455 304 544 359 καίτοι
555 323 586 377 γε
599 305 681 362 τοῦτο
696 302 743 362 καί
756 303 783 361 ολ
806 307 871 372 τοδς

99 389 375 467 όλίγουςγροίψαντες
396 385 568 460 εὑρίσκονται
593 390 776 454 πεπονθότες·
803 393 870 466 λε’γω

99 476 128 534 δι’
141 477 172 532 τό
187 469 351 538 τοῐςαῦτοῖς
368 474 522 546 ἐπιβάλλειν
547 474 655 538 τόποις·
682 476 716 530 d&
730 477 799 551 γοίρ,
826 470 870 530 ότι
939 484 943 489 ’

98 561 145 617 καλ
158 561 193 615 τοὶ
208 554 273 633 παρ’
292 561 392 658 ἑτέροις
410 554 536 631 εἰρημένα
562 560 747 631 λαμβάνοντες
773 557 868 633 ὀλίγου

98 646 155 702 δεῖν
174 644 286 709 πάντες,
314 637 379 698 οὖν·
376 646 417 698 -ἐν
437 637 551 716 αἶσχὺνη
578 645 702 699 τίθενται
721 645 752 699 τό
779 642 867 720 ἔργον

98 725 195 787 οὖτοσί
209 727 238 784 δε
252 726 374 793 καινός“
358 748 373 782 ο
370 727 475 828 ῥητωρ
498 727 555 783 ίστλ
581 722 648 782 καθ’
675 724 788 785 ἕκαστον
816 730 868 785 τῶν

97 816 198 920 λόγων,
222 812 291 868 κατοὶ
306 833 336 884 γε
349 797 400 867 οὖν
414 813 461 875 τοὶς
474 807 598 884 ελσβολιίς
611 810 657 866 καί
674 831 705 865 τα
698 812 867 887 προοίμια·

95 920 146 956 και
135 898 288 962 δυνατός
303 890 407 968 όβοὺλ
409 915 478 960 οιτο,
498 894 713 997 διαπρρλξασθαι.
740 890 869 970 οὔτεγὰρ

96 977 209 1040 εὔνοιαν
228 983 338 1052 κινῆσαι
355 980 535 1051 βουλόμενος,
558 974 627 1036 οὔτε
646 981 791 1052 προσοχὴν,
807 975 871 1038 οὔτε

97 1063 270 1140 ιδμόθειαν,
298 1062 438 1133 οἷτυγὴσειὲ
453 1084 517 1119 ποτε
531 1084 580 1119 του
595 1064 711 1120 σκοποῦ.
739 1067 808 1120 κατὰ
820 1085 870 1136 μεν

97 1152 133 1222 δη“
146 1151 250 1220 ταότην
263 1150 312 1218 τήν
326 1145 401 1205 ἰδέαν
414 1144 431 1214 ἢ
444 1150 565 1222 πρῶτον,
580 1145 598 1217 ἢ
612 1143 722 1214 οὗδενός
735 1148 867 1226 δεύτερον,

97 1232 184 1294 αὖτόν
196 1231 398 1307 ἀποφαίνομαι.

161 1323 211 1379 18.
231 1313 277 1375 Ἕν
292 1317 321 1373 δὲ
340 1317 377 1390 τῷ
395 1316 553 1389 διηγεῖσθαι
565 1319 600 1372 τολ
611 1320 774 1394 πράγματα,
791 1314 868 1393 ὅπερ,

96 1399 187 1479 οἶμαι,
197 1405 278 1479 μέρος
289 1402 412 1471 πλείστης
423 1401 508 1457 δεῖται
521 1401 667 1475 φροντίδος
678 1402 724 1459 καλ
735 1406 868 1474 φυλακῆς,

96 1486 293 1564 ἀναμφιβόλως
318 1483 438 1560 ἡγοῦμαι
451 1486 596 1559 κράτιστον
620 1482 704 1542 αὐτόν
719 1481 786 1543 εἶναι
800 1492 868 1544 πάν·

95 1595 150 1631 των
162 1574 300 1651 ῥητόρων,
328 1567 394 1646 ὅρον
406 1591 433 1625 τε
448 1569 494 1626 καὶ
507 1572 609 1627 κανόνα
623 1574 670 1642 τῆς
684 1568 757 1636 ἰδέας
770 1573 866 1642 ταύτης

96 1654 183 1715 αδτόν
206 1654 407 1729 οἷποφαίνομαι.
436 1655 532 1727 οίομαλ
549 1676 575 1710 τε
589 1653 635 1711 καλ
649 1658 696 1722 τοὶς
708 1658 802 1727 τέχνας
815 1660 867 1713 τῶν

96 1745 193 1819 λόγων,
207 1746 235 1799 όν
250 1734 291 1808 οίς
304 1743 407 1816 εἴρηται
420 1738 479 1814 περὶ
494 1739 638 1814 διηγήσεως
650 1738 803 1816 οἷξιολόγου,
818 1737 868 1798 οὖν

96 1821 226 1893 λξαλλοιν
239 1828 319 1881 τινῶν
332 1820 487 1898 μαλλον,”
469 1846 486 1892 η
501 1826 552 1881 τῶν
567 1823 620 1883 ὑπό
633 1826 743 1882 Λυσίου
755 1848 865 1901 γραφει

98 1915 166 1979 σῶν,
181 1909 318 1982 εἰληφέναι
331 1930 365 1965 τα
359 1910 591 1984 ’παραγγέλματα
610 1908 656 1965 καλ
664 1912 718 1974 τοὶς
721 1907 868 2013 ηᾶφορμάς.

99 1996 147 2053 ιιειί
172 2000 228 2071 γολρ
247 1997 276 2051 τό
303 1993 440 2065 σύντομον
465 1996 583 2066 μάλιστα
610 2015 694 2050 αυται
720 1994 825 2062 ἔχουσιν
839 1992 868 2048 οἳ

101 2080 249 2156 διηγησεις,
277 2077 324 2135 καί
343 2081 374 2136 τό
396 2099 495 2150 οαφες·
518 2075 609 2148 ηδιῖαί
621 2083 649 2135 τε
663 2075 743 2144 εἰσιν,
771 2077 805 2142 ὥς
818 2073 868 2146 οὔχ

101 2164 197 2244 ίτιραι,
211 2187 258 2223 και
247 2164 405 2231 πιθαναὶ,
421 2163 466 2219 καλ
481 2164 528 2233 τήν
543 2165 633 2220 πίστιν
646 2157 703 2232 ἅμα
717 2164 867 2229 λεληθότως

101 2253 341 2329 συνεπιφίρουσιν·
368 2269 433 2305 ωστε
446 2269 482 2319 μη
475 2245 595 2324 ρᾴδιον
608 2240 690 2311 εἶναι,
718 2241 787 2318 μηθ’
803 2241 867 2316 ὅλην

103 2332 224 2411 διηγησιν
249 2333 397 2411 μηδεμίαν,
421 2332 490 2405 μήτε
513 2333 592 2437 μέρος
606 2325 697 2403 αὐτῆς,
726 2329 867 2404 φευδὲς,η

50 2415 262 2507 ιλπλθανον,
287 2416 445 2495 ευρεθῆναι.
470 2415 607 2486 τοσαύτην
632 2414 683 2486 ἔχει
708 2414 797 2473 πειθὼ
821 2415 868 2471 καὶ

50 2490 252 2585 ὅφραόλεην
277 2507 311 2561 τό
328 2505 474 2578 λεγόμενα,
498 2501 545 2559 καλ
564 2497 635 2557 οὕτω
660 2500 793 2557 λανθελνει
806 2499 874 2563 τους

105 2582 267 2664 δεείιοντας,
281 2591 320 2646 ιλτ
319 2583 434 2660 ἐλληθῆ
448 2585 529 2658 ὄντα,
544 2588 596 2649 εἴτε
616 2589 812 2666 πεπλασμένα
836 2606 890 2641 και
