1950 2954
151 134 201 189 238
268 129 430 181 DIONYSII
448 126 798 179 HALICARNASSENSIS

151 232 265 310 εὐπορίᾳ
282 235 370 309 πολλῇ
381 238 459 309 μίγρι
479 237 526 305 τῆς
539 235 684 306 συμφοράς
704 237 751 304 τῆς
769 231 922 304 κατασχοίιι.

151 342 198 390 οης
215 315 377 389 Ἀθηναίους
397 324 425 376 ἐν
443 319 563 394 Σιιιελίηι.
590 314 647 391 μετ’
668 321 754 374 ἐκεῖνο
777 317 805 372 δὲ
824 319 855 373 τό
870 322 922 375 πά·

151 412 204 470 θος
217 407 415 467 στασιάσαντος
432 408 481 460 τοῦ
503 404 604 476 δήμου,
630 403 751 459 ἐκπίπτει
765 403 816 458 σιἰν
830 397 921 469 ἄλλοις

153 491 316 589 τριακοσίοις
332 483 496 562 Ἀττικισμόν
514 489 682 561 ἐγκληόεῒοι·
706 487 753 542 καί
767 491 920 559 παραγετό

150 596 229 647 μενος
257 561 342 639 αὖθις
365 570 401 637 είς
422 567 537 641 ’λόὴιυς
560 575 629 628 κατά
647 568 764 675 άργοντα
784 573 921 646 Καλλίαν,

151 655 270 729 ἕβδομον
295 658 341 713 καί
361 656 617 731 τεσσαρακοστὸν
603 676 660 720 ετος
678 657 756 726 ἔχων,
783 655 819 721 όες
837 679 870 712 αν
883 678 921 722 τις

149 739 288 811 είκιίσειεν,
312 746 338 807 ἐξ
354 743 456 798 ἐκείνου
470 742 519 796 τοῦ
539 743 642 816 χρόνον
659 743 784 798 διετέλεσε
799 743 847 806 τάς
862 740 920 798 δια-

150 828 244 902 τριβάς
258 826 421 898 ποιεόμενος
436 820 573 900 Ἀθὴνησι.
603 827 744 889 πλείστους
764 825 793 881 δὲ
811 829 921 901 γράψας

151 913 248 984 λόγους
261 909 296 976 είς
311 911 469 987 δικαστήριά
489 932 516 967 τε
531 910 577 966 καί
595 913 707 982 βουλάς,
732 909 861 985 καὶπρὸς
874 915 918 967 ἕκ-

150 1000 260 1067 κλησίας
279 992 422 1067 εὐθέτους,
454 997 521 1071 πρός
540 996 568 1051 δὲ
586 995 693 1059 τούτοις
711 995 919 1070 πανηγυρικοὺς,

149 1083 303 1156 ἐρωτικοὺς,
334 1081 534 1146 ἐπεστολιιιοός,
560 1082 612 1135 τῶν
629 1083 679 1153 μὲν
696 1079 856 1157 ἔμπροσθεν
873 1099 920 1154 γε-

149 1166 296 1241 γενημένων
310 1167 444 1240 ῥητόρων,
472 1160 489 1232 ἢ
509 1167 578 1220 κατά
592 1167 640 1220 τόν
658 1160 742 1219 αὖτόν
751 1167 854 1237 χρόνον
867 1161 919 1220 άτι-

149 1251 308 1321 μασάυτων,
335 1247 453 1319 ἠφάνισε
470 1250 517 1314 τιίς
539 1248 628 1315 δόξας
653 1252 704 1304 τῶν
726 1248 918 1326 δίέπιγενομέ·

150 1356 202 1390 νων
210 1330 243 1390 οὗ
252 1336 361 1399 πολλοῖς
369 1354 423 1389 τισι
437 1335 575 1389 κατέλιπεν
587 1328 797 1407 δπερβολήν,άτ’
809 1339 838 1389 ἐν
850 1332 918 1390 άπά·

151 1423 275 1483 σαιςταῖς
289 1416 372 1485 ίδόαις
384 1420 434 1474 τῶν
441 1420 534 1490 λόγων,
543 1417 588 1472 καί
603 1420 641 1489 μά
649 1418 696 1475 Δί’
711 1413 746 1473 οὔ
759 1420 804 1474 τοί
816 1441 848 1494 γε
859 1422 918 1482 ταῖς

151 1505 343 1576 φαυλοτάταις,
363 1499 518 1575 εὐδοκιμῶν.
533 1503 586 1557 τίνι
600 1504 628 1559 δὲ
641 1505 764 1577 κέχρηται
774 1507 917 1578 χαρακτῆ-

151 1609 177 1660 ρι
200 1590 299 1661 λόγων,
328 1588 374 1644 καί
393 1589 467 1650 τίνας
486 1586 581 1660 άρετάς
599 1585 792 1656 εἰσενήνεκται,
819 1588 874 1645 τίνι
892 1607 919 1642 τε

151 1674 275 1746 κρείττων
289 1671 343 1727 ἐστί
358 1675 408 1727 τῶν
427 1669 480 1744 μετ’
502 1668 586 1728 αὐτόν
599 1670 791 1742 άιιμαοιίντων,
817 1671 866 1728 καὶ
881 1674 918 1741 ττῆ

151 1757 357 1831 καταδεέστερος
364 1799 372 1826 ,
399 1757 445 1813 καί
464 1758 489 1811 τί
508 1757 548 1811 δεῖ
564 1758 712 1830 λαμβάνειν
732 1754 793 1828 παρ’
822 1753 918 1822 αότοῢ,

151 1844 200 1899 νῦν
213 1839 264 1912 ἤδη
279 1844 442 1915 πειράσομαι
455 1842 549 1915 λέγειν.
969 1912 971 1921 Ι

213 1932 241 1986 2.
268 1929 432 2003 Καθαρός’
419 1947 475 1982 εστι
488 1927 537 1993 τόν
551 1927 691 2026 ἑρμηνείαν
703 1926 785 1993 πάνυ,
814 1925 861 1982 καί
874 1929 919 1996 τῆς

148 2008 262 2083 Ἀττικῆς
274 2006 425 2087 γλώττης”
404 2032 514 2086 αριστος
528 2009 623 2077 κανὼν,
651 2006 685 2066 οδ
698 2014 744 2080 τῆς
758 2007 883 2084 ἀρχαίας,
900 1998 945 2105 ᾗ

150 2101 273 2169 κέχρηται
288 2099 406 2154 Πλάτων
432 2096 478 2152 καί
505 2095 686 2165 Θουκυδίδης,
713 2092 828 2153 άλλά”
796 2116 844 2164 της
860 2070 955 2153 καθ’*

149 2188 249 2239 ἐκεῖνον
263 2184 310 2237 τόν
321 2182 420 2256 χρόνον
439 2179 679 2255 ἐπιχωριαζούσης·
705 2178 739 2245 ὥς
752 2179 809 2236 ἔστι
823 2182 919 2255 τετιμή-

148 2274 255 2338 ριισθαι
270 2271 326 2332 τοῖς
339 2288 365 2322 τε
378 2262 532 2321 Ἀιδοκίδου
545 2266 643 2339 λόγοις,
661 2262 709 2320 καί
720 2268 777 2330 τοῖς
789 2266 918 2341 Κριτίου,

148 2350 194 2404 καὶ
212 2348 302 2416 ἄλλοις
322 2355 436 2420 συχνοῖς.
466 2353 536 2405 κατά
553 2352 636 2406 τοῦτο
654 2350 704 2420 μὲν
729 2348 762 2418 δὴ
782 2350 813 2404 τό
828 2353 919 2424 μέρος,

150 2428 214 2505 ὅπερ
228 2437 285 2491 ἐστὶ
299 2439 406 2510 πρῶτον
424 2434 471 2490 καὶ
490 2435 650 2511 κυριώτερον
670 2438 697 2490 ἐν
719 2436 825 2507 λόγοις,
853 2437 922 2509 λέγω
967 2468 971 2511 3

150 2516 221 2571 δὲτὸ
236 2521 401 2593 καθαρεύειν
416 2522 464 2587 την
480 2520 630 2588 διάλεκτον,
657 2514 754 2584 οὐθείς
767 2521 821 2574 τῶν
833 2541 921 2595 μετα-
957 2520 971 2591 ,’

149 2604 306 2679 γενεστίρων
319 2600 403 2662 αὐτόν
417 2605 593 2680 ὑπερεβάλετο
599 2648 608 2675 ,
632 2599 688 2660 ἄλλ’
714 2599 778 2662 οιίδί
793 2605 920 2680 μιμήσα-
