<?xml version="1.0" encoding="UTF-8"?>
<!DOCTYPE html PUBLIC "-//W3C//DTD XHTML 1.0 Transitional//EN"
    "http://www.w3.org/TR/xhtml1/DTD/xhtml1-transitional.dtd">
<html xmlns="http://www.w3.org/1999/xhtml" xml:lang="en" lang="en">
 <head>
  <title>
</title>
<meta http-equiv="Content-Type" content="text/html;charset=utf-8" />
  <meta name='ocr-system' content='tesseract 3.04.00' />
  <meta name='ocr-capabilities' content='ocr_page ocr_carea ocr_par ocr_line ocrx_word'/>
</head>
<body>
  <div class='ocr_page' id='page_1' title='image "./operaomnia02diongoog_0452.png"; bbox 0 0 1950 2954; ppageno 0'>
   <div class='ocr_carea' id='block_1_1' title="bbox 99 109 700 177">
    <p class='ocr_par' dir='ltr' id='par_1_1' title="bbox 99 109 700 177">
     <span class='ocr_line' id='line_1_1' title="bbox 99 109 700 177; baseline -0.007 -9"><span class='ocrx_word' id='word_1_1' title='bbox 99 120 135 177; x_wconf 82' lang='grc'><strong><em>94</em></strong></span> <span class='ocrx_word' id='word_1_2' title='bbox 271 112 432 166; x_wconf 83' lang='lat' dir='ltr'>DIONYSII</span> <span class='ocrx_word' id='word_1_3' title='bbox 449 109 700 164; x_wconf 81' lang='lat' dir='ltr'>HALICARNASS.</span> 
     </span>
    </p>
   </div>
   <div class='ocr_carea' id='block_1_2' title="bbox 97 215 873 2563">
    <p class='ocr_par' dir='ltr' id='par_1_2' title="bbox 97 215 873 2563">
     <span class='ocr_line' id='line_1_2' title="bbox 100 215 871 292; baseline -0.003 -15"><span class='ocrx_word' id='word_1_4' title='bbox 100 242 144 277; x_wconf 91' lang='grc' dir='ltr'><strong><em>σιν</em></strong></span> <span class='ocrx_word' id='word_1_5' title='bbox 157 218 314 277; x_wconf 76' lang='grc' dir='ltr'><strong><em>ἀκολουθία</em></strong></span> <span class='ocrx_word' id='word_1_6' title='bbox 326 220 475 277; x_wconf 81' lang='grc' dir='ltr'><strong><em>πλανᾶται·</em></strong></span> <span class='ocrx_word' id='word_1_7' title='bbox 499 219 546 282; x_wconf 89' lang='grc' dir='ltr'><strong><em>τάς</em></strong></span> <span class='ocrx_word' id='word_1_8' title='bbox 571 216 600 272; x_wconf 85' lang='grc' dir='ltr'><strong><em>δὲ</em></strong></span> <span class='ocrx_word' id='word_1_9' title='bbox 618 220 670 273; x_wconf 85' lang='grc' dir='ltr'><strong><em>τών</em></strong></span> <span class='ocrx_word' id='word_1_10' title='bbox 683 215 871 292; x_wconf 77' lang='grc' dir='ltr'><strong><em>ὀνοματικῶν,</em></strong></span> 
     </span>
     <span class='ocr_line' id='line_1_3' title="bbox 100 301 872 377; baseline -0.01 -16"><span class='ocrx_word' id='word_1_11' title='bbox 100 303 274 377; x_wconf 80' lang='grc' dir='ltr'><strong><em>ἢμετοχικών</em></strong></span> <span class='ocrx_word' id='word_1_12' title='bbox 282 348 291 374; x_wconf 87' lang='grc'><strong><em>,</em></strong></span> <span class='ocrx_word' id='word_1_13' title='bbox 306 305 416 366; x_wconf 78' lang='grc' dir='ltr'><strong><em>πτώσεις</em></strong></span> <span class='ocrx_word' id='word_1_14' title='bbox 434 303 499 358; x_wconf 82' lang='grc' dir='ltr'><strong><em>ποτὲ</em></strong></span> <span class='ocrx_word' id='word_1_15' title='bbox 510 302 561 371; x_wconf 80' lang='grc' dir='ltr'><strong><em>μὲν</em></strong></span> <span class='ocrx_word' id='word_1_16' title='bbox 574 303 640 375; x_wconf 90' lang='grc' dir='ltr'><strong><em>πρός</em></strong></span> <span class='ocrx_word' id='word_1_17' title='bbox 654 301 685 355; x_wconf 92' lang='grc' dir='ltr'><strong><em>τό</em></strong></span> <span class='ocrx_word' id='word_1_18' title='bbox 699 307 872 377; x_wconf 68' lang='grc' dir='ltr'><strong><em>σημαινόμε.</em></strong></span> 
     </span>
     <span class='ocr_line' id='line_1_4' title="bbox 99 383 873 464; baseline 0.001 -21"><span class='ocrx_word' id='word_1_19' title='bbox 99 408 149 446; x_wconf 94' lang='grc' dir='ltr'><strong><em>νον</em></strong></span> <span class='ocrx_word' id='word_1_20' title='bbox 164 386 219 444; x_wconf 84' lang='grc' dir='ltr'><strong><em>άπὸ</em></strong></span> <span class='ocrx_word' id='word_1_21' title='bbox 233 389 282 444; x_wconf 72' lang='grc' dir='ltr'><strong><em>τοῦ</em></strong></span> <span class='ocrx_word' id='word_1_22' title='bbox 293 389 470 459; x_wconf 73' lang='grc' dir='ltr'><strong><em>σημαίνοντος</em></strong></span> <span class='ocrx_word' id='word_1_23' title='bbox 484 383 667 460; x_wconf 67' lang='grc' dir='ltr'><strong><em>ἀποστρέφων,</em></strong></span> <span class='ocrx_word' id='word_1_24' title='bbox 681 388 746 441; x_wconf 75' lang='grc' dir='ltr'><strong><em>ποτὲ</em></strong></span> <span class='ocrx_word' id='word_1_25' title='bbox 761 387 789 442; x_wconf 82' lang='grc' dir='ltr'><strong><em>δὲ</em></strong></span> <span class='ocrx_word' id='word_1_26' title='bbox 802 392 873 464; x_wconf 80' lang='grc' dir='ltr'><strong><em>πρός</em></strong></span> 
     </span>
     <span class='ocr_line' id='line_1_5' title="bbox 100 469 872 542; baseline 0.003 -15"><span class='ocrx_word' id='word_1_27' title='bbox 100 475 130 529; x_wconf 83' lang='grc' dir='ltr'><strong><em>τό</em></strong></span> <span class='ocrx_word' id='word_1_28' title='bbox 145 475 279 542; x_wconf 84' lang='grc' dir='ltr'><strong><em>σημαῖνον</em></strong></span> <span class='ocrx_word' id='word_1_29' title='bbox 288 469 344 526; x_wconf 86' lang='grc' dir='ltr'><strong><em>άπὸ</em></strong></span> <span class='ocrx_word' id='word_1_30' title='bbox 358 473 407 525; x_wconf 75' lang='grc' dir='ltr'><strong><em>τοῦ</em></strong></span> <span class='ocrx_word' id='word_1_31' title='bbox 421 471 637 542; x_wconf 80' lang='grc' dir='ltr'><strong><em>σημαινομένου·</em></strong></span> <span class='ocrx_word' id='word_1_32' title='bbox 650 473 679 525; x_wconf 77' lang='grc' dir='ltr'><strong><em>ἐν</em></strong></span> <span class='ocrx_word' id='word_1_33' title='bbox 692 469 720 524; x_wconf 80' lang='grc' dir='ltr'><strong><em>δὲ</em></strong></span> <span class='ocrx_word' id='word_1_34' title='bbox 731 475 790 536; x_wconf 87' lang='grc' dir='ltr'><strong><em>τοῖς</em></strong></span> <span class='ocrx_word' id='word_1_35' title='bbox 803 492 872 529; x_wconf 86' lang='grc' dir='ltr'><strong><em>συν-</em></strong></span> 
     </span>
     <span class='ocr_line' id='line_1_6' title="bbox 102 553 871 629; baseline 0.003 -18"><span class='ocrx_word' id='word_1_36' title='bbox 102 557 214 619; x_wconf 86' lang='grc' dir='ltr'><strong><em>όετικοῖς</em></strong></span> <span class='ocrx_word' id='word_1_37' title='bbox 229 556 276 611; x_wconf 87' lang='grc' dir='ltr'><strong><em>καῖ</em></strong></span> <span class='ocrx_word' id='word_1_38' title='bbox 289 558 345 619; x_wconf 92' lang='grc' dir='ltr'><strong><em>τοῖς</em></strong></span> <span class='ocrx_word' id='word_1_39' title='bbox 364 557 539 628; x_wconf 77' lang='grc' dir='ltr'><strong><em>προθετικοῖς</em></strong></span> <span class='ocrx_word' id='word_1_40' title='bbox 552 554 664 629; x_wconf 91' lang='grc' dir='ltr'><strong><em>μορίοις,</em></strong></span> <span class='ocrx_word' id='word_1_41' title='bbox 680 553 728 610; x_wconf 87' lang='grc' dir='ltr'><strong><em>καῖ</em></strong></span> <span class='ocrx_word' id='word_1_42' title='bbox 741 553 780 610; x_wconf 75' lang='grc' dir='ltr'><strong><em>ἔτι</em></strong></span> <span class='ocrx_word' id='word_1_43' title='bbox 793 559 871 629; x_wconf 82' lang='grc' dir='ltr'><strong><em>μάλ-</em></strong></span> 
     </span>
     <span class='ocr_line' id='line_1_7' title="bbox 100 635 869 716; baseline 0.003 -22"><span class='ocrx_word' id='word_1_44' title='bbox 100 643 148 696; x_wconf 89' lang='grc' dir='ltr'><strong><em>λον</em></strong></span> <span class='ocrx_word' id='word_1_45' title='bbox 161 644 189 695; x_wconf 75' lang='grc' dir='ltr'><strong><em>ἐν</em></strong></span> <span class='ocrx_word' id='word_1_46' title='bbox 202 643 258 704; x_wconf 90' lang='grc' dir='ltr'><strong><em>τοῖς</em></strong></span> <span class='ocrx_word' id='word_1_47' title='bbox 271 639 438 716; x_wconf 71' lang='grc' dir='ltr'><strong><em>διαρθροῦσι</em></strong></span> <span class='ocrx_word' id='word_1_48' title='bbox 449 640 499 704; x_wconf 91' lang='grc' dir='ltr'><strong><em>τάς</em></strong></span> <span class='ocrx_word' id='word_1_49' title='bbox 510 641 563 694; x_wconf 80' lang='grc' dir='ltr'><strong><em>τῶν</em></strong></span> <span class='ocrx_word' id='word_1_50' title='bbox 575 635 715 709; x_wconf 74' lang='grc' dir='ltr'><strong><em>ὀνομάτων</em></strong></span> <span class='ocrx_word' id='word_1_51' title='bbox 730 639 869 712; x_wconf 77' lang='grc' dir='ltr'><strong><em>δυνάμεις,</em></strong></span> 
     </span>
     <span class='ocr_line' id='line_1_8' title="bbox 100 718 871 798; baseline 0.004 -20"><span class='ocrx_word' id='word_1_52' title='bbox 100 725 215 794; x_wconf 75' lang='grc' dir='ltr'><strong><em>ποιητοῦ</em></strong></span> <span class='ocrx_word' id='word_1_53' title='bbox 242 725 345 798; x_wconf 73' lang='grc' dir='ltr'><strong><em>τρόπον</em></strong></span> <span class='ocrx_word' id='word_1_54' title='bbox 371 724 565 790; x_wconf 78' lang='grc' dir='ltr'><strong><em>ἐνεξουσιάζων.</em></strong></span> <span class='ocrx_word' id='word_1_55' title='bbox 592 726 704 778; x_wconf 84' lang='grc' dir='ltr'><strong><em>πλεῖστα</em></strong></span> <span class='ocrx_word' id='word_1_56' title='bbox 730 718 759 778; x_wconf 81' lang='grc' dir='ltr'><strong><em>δ’</em></strong></span> <span class='ocrx_word' id='word_1_57' title='bbox 779 719 817 779; x_wconf 91' lang='grc' dir='ltr'><strong><em>άν</em></strong></span> <span class='ocrx_word' id='word_1_58' title='bbox 830 747 871 790; x_wconf 89' lang='grc' dir='ltr'><strong><em>τις</em></strong></span> 
     </span>
     <span class='ocr_line' id='line_1_9' title="bbox 101 801 870 885; baseline 0.003 -21"><span class='ocrx_word' id='word_1_59' title='bbox 101 805 173 883; x_wconf 81' lang='grc' dir='ltr'><strong><em>εὕροι</em></strong></span> <span class='ocrx_word' id='word_1_60' title='bbox 187 803 251 882; x_wconf 84' lang='grc' dir='ltr'><strong><em>παρ’</em></strong></span> <span class='ocrx_word' id='word_1_61' title='bbox 266 803 340 882; x_wconf 74' lang='grc' dir='ltr'><strong><em>αότρῖ</em></strong></span> <span class='ocrx_word' id='word_1_62' title='bbox 356 809 493 880; x_wconf 74' lang='grc' dir='ltr'><strong><em>σχήματα,</em></strong></span> <span class='ocrx_word' id='word_1_63' title='bbox 519 807 669 881; x_wconf 81' lang='grc' dir='ltr'><strong><em>προσώπων</em></strong></span> <span class='ocrx_word' id='word_1_64' title='bbox 685 801 707 861; x_wconf 71' lang='grc' dir='ltr'><strong><em>τ’</em></strong></span> <span class='ocrx_word' id='word_1_65' title='bbox 728 804 870 885; x_wconf 84' lang='grc' dir='ltr'><strong><em>άποστρο·</em></strong></span> 
     </span>
     <span class='ocr_line' id='line_1_10' title="bbox 101 891 870 968; baseline -0.001 -20"><span class='ocrx_word' id='word_1_66' title='bbox 101 897 174 966; x_wconf 78' lang='grc' dir='ltr'><strong><em>φαῖς,</em></strong></span> <span class='ocrx_word' id='word_1_67' title='bbox 191 891 237 948; x_wconf 85' lang='grc' dir='ltr'><strong><em>καῖ</em></strong></span> <span class='ocrx_word' id='word_1_68' title='bbox 249 895 351 968; x_wconf 82' lang='grc' dir='ltr'><strong><em>χρόνων</em></strong></span> <span class='ocrx_word' id='word_1_69' title='bbox 365 895 532 968; x_wconf 77' lang='grc' dir='ltr'><strong><em>ἐναλλαγαῖς,</em></strong></span> <span class='ocrx_word' id='word_1_70' title='bbox 559 891 607 947; x_wconf 86' lang='grc' dir='ltr'><strong><em>καῖ</em></strong></span> <span class='ocrx_word' id='word_1_71' title='bbox 619 891 738 947; x_wconf 83' lang='grc' dir='ltr'><strong><em>τοπικῶν</em></strong></span> <span class='ocrx_word' id='word_1_72' title='bbox 751 894 870 966; x_wconf 73' lang='grc' dir='ltr'><strong><em>σημειά·</em></strong></span> 
     </span>
     <span class='ocr_line' id='line_1_11' title="bbox 101 974 870 1052; baseline 0.001 -19"><span class='ocrx_word' id='word_1_73' title='bbox 101 999 168 1034; x_wconf 83' lang='grc' dir='ltr'><strong><em>οεων</em></strong></span> <span class='ocrx_word' id='word_1_74' title='bbox 178 981 346 1052; x_wconf 84' lang='grc' dir='ltr'><strong><em>μεταφοραῖς</em></strong></span> <span class='ocrx_word' id='word_1_75' title='bbox 369 977 547 1050; x_wconf 72' lang='grc' dir='ltr'><strong><em>ἐξηλλαγμένα</em></strong></span> <span class='ocrx_word' id='word_1_76' title='bbox 571 978 624 1031; x_wconf 82' lang='grc' dir='ltr'><strong><em>τῶν</em></strong></span> <span class='ocrx_word' id='word_1_77' title='bbox 647 974 793 1045; x_wconf 71' lang='grc' dir='ltr'><strong><em>συνήθων,</em></strong></span> <span class='ocrx_word' id='word_1_78' title='bbox 820 977 870 1035; x_wconf 83' lang='grc' dir='ltr'><strong><em>καῖ</em></strong></span> 
     </span>
     <span class='ocr_line' id='line_1_12' title="bbox 100 1059 869 1168; baseline 0 -50"><span class='ocrx_word' id='word_1_79' title='bbox 100 1065 276 1168; x_wconf 82' lang='grc' dir='ltr'><strong><em>σολοικισμῶν</em></strong></span> <span class='ocrx_word' id='word_1_80' title='bbox 308 1063 481 1134; x_wconf 77' lang='grc' dir='ltr'><strong><em>λαμβάνοντα</em></strong></span> <span class='ocrx_word' id='word_1_81' title='bbox 512 1059 682 1131; x_wconf 82' lang='grc' dir='ltr'><strong><em>φαντασίας·</em></strong></span> <span class='ocrx_word' id='word_1_82' title='bbox 722 1059 814 1117; x_wconf 85' lang='grc' dir='ltr'><strong><em>δπόσα</em></strong></span> <span class='ocrx_word' id='word_1_83' title='bbox 841 1083 869 1118; x_wconf 85' lang='grc' dir='ltr'><strong><em>τε</em></strong></span> 
     </span>
     <span class='ocr_line' id='line_1_13' title="bbox 100 1140 869 1221; baseline -0.003 -17"><span class='ocrx_word' id='word_1_84' title='bbox 100 1149 220 1218; x_wconf 85' lang='grc' dir='ltr'><strong><em>νίγνεται</em></strong></span> <span class='ocrx_word' id='word_1_85' title='bbox 246 1147 393 1221; x_wconf 89' lang='grc' dir='ltr'><strong><em>πράγματα</em></strong></span> <span class='ocrx_word' id='word_1_86' title='bbox 418 1143 478 1212; x_wconf 83' lang='grc' dir='ltr'><strong><em>άντῖ</em></strong></span> <span class='ocrx_word' id='word_1_87' title='bbox 492 1145 631 1217; x_wconf 87' lang='grc' dir='ltr'><strong><em>σωμάτων,</em></strong></span> <span class='ocrx_word' id='word_1_88' title='bbox 644 1140 664 1211; x_wconf 80' lang='grc' dir='ltr'><em>ἢ</em></span> <span class='ocrx_word' id='word_1_89' title='bbox 677 1143 789 1218; x_wconf 89' lang='grc' dir='ltr'><strong><em>σώματα</em></strong></span> <span class='ocrx_word' id='word_1_90' title='bbox 803 1143 869 1203; x_wconf 82' lang='grc' dir='ltr'><strong><em>άντῖ</em></strong></span> 
     </span>
     <span class='ocr_line' id='line_1_14' title="bbox 435 1207 870 1302; baseline 0.005 -18"><span class='ocrx_word' id='word_1_91' title='bbox 435 1207 469 1285; x_wconf 82' lang='grc' dir='ltr'><strong><em>ών</em></strong></span> <span class='ocrx_word' id='word_1_92' title='bbox 496 1225 742 1302; x_wconf 46' lang='grc' dir='ltr'><strong><em>ἐνθυμημάτων(</em></strong></span> <span class='ocrx_word' id='word_1_93' title='bbox 711 1250 741 1283; x_wconf 91' lang='grc' dir='ltr'><strong><em>αι</em></strong></span> <span class='ocrx_word' id='word_1_94' title='bbox 765 1230 870 1300; x_wconf 80' lang='grc' dir='ltr'><strong><em>μιταξιῖ</em></strong></span> 
     </span>
     <span class='ocr_line' id='line_1_15' title="bbox 99 1311 868 1388; baseline -0.001 -18"><span class='ocrx_word' id='word_1_95' title='bbox 99 1313 302 1388; x_wconf 76' lang='grc' dir='ltr'><strong><em>παρεμπτώσεις</em></strong></span> <span class='ocrx_word' id='word_1_96' title='bbox 331 1311 429 1369; x_wconf 89' lang='grc' dir='ltr'><strong><em>πολλαῖ</em></strong></span> <span class='ocrx_word' id='word_1_97' title='bbox 450 1315 598 1387; x_wconf 87' lang='grc' dir='ltr'><strong><em>γινόμεναι,</em></strong></span> <span class='ocrx_word' id='word_1_98' title='bbox 626 1311 672 1368; x_wconf 91' lang='grc' dir='ltr'><strong><em>διά</em></strong></span> <span class='ocrx_word' id='word_1_99' title='bbox 698 1314 848 1370; x_wconf 74' lang='grc' dir='ltr'><strong><em>πολλοί</em></strong></span> <span class='ocrx_word' id='word_1_100' title='bbox 816 1334 868 1382; x_wconf 92' lang='grc' dir='ltr'><strong><em>την</em></strong></span> 
     </span>
     <span class='ocr_line' id='line_1_16' title="bbox 101 1394 866 1469; baseline 0.004 -18"><span class='ocrx_word' id='word_1_101' title='bbox 101 1394 275 1454; x_wconf 77' lang='grc' dir='ltr'><strong><em>ἀκολουθίαν</em></strong></span> <span class='ocrx_word' id='word_1_102' title='bbox 301 1400 470 1469; x_wconf 88' lang='grc' dir='ltr'><strong><em>κομίζονται·</em></strong></span> <span class='ocrx_word' id='word_1_103' title='bbox 491 1399 524 1453; x_wconf 93' lang='grc' dir='ltr'><strong><em>τά</em></strong></span> <span class='ocrx_word' id='word_1_104' title='bbox 544 1418 571 1453; x_wconf 83' lang='grc' dir='ltr'><strong><em>τε</em></strong></span> <span class='ocrx_word' id='word_1_105' title='bbox 584 1397 694 1463; x_wconf 89' lang='grc' dir='ltr'><strong><em>σκολιά,</em></strong></span> <span class='ocrx_word' id='word_1_106' title='bbox 721 1396 768 1454; x_wconf 83' lang='grc' dir='ltr'><strong><em>καῖ</em></strong></span> <span class='ocrx_word' id='word_1_107' title='bbox 781 1398 866 1454; x_wconf 83' lang='grc' dir='ltr'><strong><em>πολί-</em></strong></span> 
     </span>
     <span class='ocr_line' id='line_1_17' title="bbox 99 1476 865 1556; baseline 0.001 -20"><span class='ocrx_word' id='word_1_108' title='bbox 99 1485 200 1547; x_wconf 92' lang='grc' dir='ltr'><strong><em>πλοκα,</em></strong></span> <span class='ocrx_word' id='word_1_109' title='bbox 229 1482 275 1536; x_wconf 86' lang='grc' dir='ltr'><strong><em>καῖ</em></strong></span> <span class='ocrx_word' id='word_1_110' title='bbox 301 1480 479 1550; x_wconf 79' lang='grc' dir='ltr'><strong><em>δυσεξέλικτα,</em></strong></span> <span class='ocrx_word' id='word_1_111' title='bbox 503 1479 549 1537; x_wconf 88' lang='grc' dir='ltr'><strong><em>καῖ</em></strong></span> <span class='ocrx_word' id='word_1_112' title='bbox 564 1482 597 1536; x_wconf 86' lang='grc' dir='ltr'><strong><em>τά</em></strong></span> <span class='ocrx_word' id='word_1_113' title='bbox 609 1476 679 1536; x_wconf 86' lang='grc' dir='ltr'><strong><em>άλλα</em></strong></span> <span class='ocrx_word' id='word_1_114' title='bbox 692 1483 727 1537; x_wconf 92' lang='grc' dir='ltr'><strong><em>τά</em></strong></span> <span class='ocrx_word' id='word_1_115' title='bbox 745 1484 865 1556; x_wconf 74' lang='grc' dir='ltr'><strong><em>συγγενῆ</em></strong></span> 
     </span>
     <span class='ocr_line' id='line_1_18' title="bbox 99 1560 866 1640; baseline 0.003 -22"><span class='ocrx_word' id='word_1_116' title='bbox 99 1565 214 1630; x_wconf 79' lang='grc' dir='ltr'><strong><em>τούτοις.</em></strong></span> <span class='ocrx_word' id='word_1_117' title='bbox 235 1562 310 1638; x_wconf 83' lang='grc' dir='ltr'><strong><em>εῖιροι</em></strong></span> <span class='ocrx_word' id='word_1_118' title='bbox 324 1560 351 1617; x_wconf 80' lang='grc' dir='ltr'><strong><em>δ’</em></strong></span> <span class='ocrx_word' id='word_1_119' title='bbox 370 1560 405 1619; x_wconf 86' lang='grc' dir='ltr'><strong><em>άν</em></strong></span> <span class='ocrx_word' id='word_1_120' title='bbox 418 1586 454 1629; x_wconf 90' lang='grc' dir='ltr'><strong><em>τις</em></strong></span> <span class='ocrx_word' id='word_1_121' title='bbox 467 1561 516 1621; x_wconf 84' lang='grc' dir='ltr'><strong><em>οόκ</em></strong></span> <span class='ocrx_word' id='word_1_122' title='bbox 531 1561 609 1639; x_wconf 89' lang='grc' dir='ltr'><strong><em>ὀλίγα</em></strong></span> <span class='ocrx_word' id='word_1_123' title='bbox 622 1563 668 1620; x_wconf 86' lang='grc' dir='ltr'><strong><em>καῖ</em></strong></span> <span class='ocrx_word' id='word_1_124' title='bbox 686 1565 738 1620; x_wconf 85' lang='grc' dir='ltr'><strong><em>τών</em></strong></span> <span class='ocrx_word' id='word_1_125' title='bbox 751 1571 866 1640; x_wconf 79' lang='grc' dir='ltr'><strong><em>θεατρι-</em></strong></span> 
     </span>
     <span class='ocr_line' id='line_1_19' title="bbox 99 1644 866 1724; baseline 0.003 -21"><span class='ocrx_word' id='word_1_126' title='bbox 99 1650 151 1704; x_wconf 85' lang='grc' dir='ltr'><strong><em>κών</em></strong></span> <span class='ocrx_word' id='word_1_127' title='bbox 164 1649 306 1719; x_wconf 75' lang='grc' dir='ltr'><strong><em>σχημάτων</em></strong></span> <span class='ocrx_word' id='word_1_128' title='bbox 320 1648 426 1721; x_wconf 86' lang='grc' dir='ltr'><strong><em>κείμενα</em></strong></span> <span class='ocrx_word' id='word_1_129' title='bbox 440 1644 503 1724; x_wconf 81' lang='grc' dir='ltr'><strong><em>παρ’</em></strong></span> <span class='ocrx_word' id='word_1_130' title='bbox 529 1645 616 1723; x_wconf 71' lang='grc' dir='ltr'><strong><em>αὐτῷ·</em></strong></span> <span class='ocrx_word' id='word_1_131' title='bbox 643 1651 689 1712; x_wconf 86' lang='grc' dir='ltr'><strong><em>τάς</em></strong></span> <span class='ocrx_word' id='word_1_132' title='bbox 703 1649 866 1724; x_wconf 84' lang='grc' dir='ltr'><strong><em>παρισώσεις</em></strong></span> 
     </span>
     <span class='ocr_line' id='line_1_20' title="bbox 100 1728 866 1807; baseline 0.005 -21"><span class='ocrx_word' id='word_1_133' title='bbox 100 1735 177 1805; x_wconf 81' lang='grc' dir='ltr'><strong><em>λέγω,</em></strong></span> <span class='ocrx_word' id='word_1_134' title='bbox 207 1732 252 1788; x_wconf 89' lang='grc' dir='ltr'><strong><em>καῖ</em></strong></span> <span class='ocrx_word' id='word_1_135' title='bbox 277 1733 491 1807; x_wconf 86' lang='grc' dir='ltr'><strong><em>παρονομασίας,</em></strong></span> <span class='ocrx_word' id='word_1_136' title='bbox 517 1732 562 1789; x_wconf 89' lang='grc' dir='ltr'><strong><em>καῖ</em></strong></span> <span class='ocrx_word' id='word_1_137' title='bbox 588 1730 755 1797; x_wconf 82' lang='grc' dir='ltr'><strong><em>άντιθίσεις·</em></strong></span> <span class='ocrx_word' id='word_1_138' title='bbox 783 1728 866 1800; x_wconf 80' lang='grc' dir='ltr'><strong><em>ἕναῖς</em></strong></span> 
     </span>
     <span class='ocr_line' id='line_1_21' title="bbox 98 1814 863 1891; baseline 0.003 -21"><span class='ocrx_word' id='word_1_139' title='bbox 98 1819 241 1871; x_wconf 77' lang='grc' dir='ltr'><strong><em>ἐπλεόνασε</em></strong></span> <span class='ocrx_word' id='word_1_140' title='bbox 255 1819 374 1891; x_wconf 82' lang='grc' dir='ltr'><strong><em>Γοργίας</em></strong></span> <span class='ocrx_word' id='word_1_141' title='bbox 384 1817 401 1873; x_wconf 86' lang='grc' dir='ltr'><strong><em>ὀ</em></strong></span> <span class='ocrx_word' id='word_1_142' title='bbox 412 1820 565 1882; x_wconf 87' lang='grc' dir='ltr'><strong><em>Λεοντῖνος,</em></strong></span> <span class='ocrx_word' id='word_1_143' title='bbox 582 1816 627 1872; x_wconf 86' lang='grc' dir='ltr'><strong><em>καῖ</em></strong></span> <span class='ocrx_word' id='word_1_144' title='bbox 641 1816 668 1872; x_wconf 82' lang='grc' dir='ltr'><strong><em>οἱ</em></strong></span> <span class='ocrx_word' id='word_1_145' title='bbox 679 1814 741 1891; x_wconf 85' lang='grc' dir='ltr'><strong><em>πιρῖ</em></strong></span> <span class='ocrx_word' id='word_1_146' title='bbox 754 1820 863 1884; x_wconf 84' lang='grc' dir='ltr'><strong><em>Πῶλον,</em></strong></span> 
     </span>
     <span class='ocr_line' id='line_1_22' title="bbox 100 1895 864 1972; baseline 0.003 -17"><span class='ocrx_word' id='word_1_147' title='bbox 100 1899 318 1972; x_wconf 84' lang='grc' dir='ltr'><strong><em>καῖΛικάμνιον,</em></strong></span> <span class='ocrx_word' id='word_1_148' title='bbox 347 1901 394 1958; x_wconf 90' lang='grc' dir='ltr'><strong><em>καῖ</em></strong></span> <span class='ocrx_word' id='word_1_149' title='bbox 419 1901 513 1958; x_wconf 80' lang='grc' dir='ltr'><strong><em>πολλοὶ</em></strong></span> <span class='ocrx_word' id='word_1_150' title='bbox 536 1895 614 1957; x_wconf 85' lang='grc' dir='ltr'><strong><em>ὀλλοι</em></strong></span> <span class='ocrx_word' id='word_1_151' title='bbox 639 1902 691 1956; x_wconf 81' lang='grc' dir='ltr'><strong><em>τῶν</em></strong></span> <span class='ocrx_word' id='word_1_152' title='bbox 705 1895 761 1957; x_wconf 83' lang='grc' dir='ltr'><strong><em>κατ’</em></strong></span> <span class='ocrx_word' id='word_1_153' title='bbox 777 1897 864 1957; x_wconf 81' lang='grc' dir='ltr'><strong><em>αότόν</em></strong></span> 
     </span>
     <span class='ocr_line' id='line_1_23' title="bbox 99 1981 862 2060; baseline 0.005 -23"><span class='ocrx_word' id='word_1_154' title='bbox 99 1981 288 2056; x_wconf 77' lang='grc' dir='ltr'><strong><em>ἀκμασάντων.</em></strong></span> <span class='ocrx_word' id='word_1_155' title='bbox 297 1984 462 2055; x_wconf 78' lang='grc' dir='ltr'><strong><em>ἐκδηλότατα</em></strong></span> <span class='ocrx_word' id='word_1_156' title='bbox 474 1981 499 2038; x_wconf 80' lang='grc' dir='ltr'><strong><em>δ’</em></strong></span> <span class='ocrx_word' id='word_1_157' title='bbox 515 1981 601 2041; x_wconf 77' lang='grc' dir='ltr'><strong><em>αὐτοῦ</em></strong></span> <span class='ocrx_word' id='word_1_158' title='bbox 612 1984 657 2041; x_wconf 81' lang='grc' dir='ltr'><strong><em>καῖ</em></strong></span> <span class='ocrx_word' id='word_1_159' title='bbox 662 1987 862 2060; x_wconf 74' lang='grc' dir='ltr'><strong><em>χαρακτηρικώ-</em></strong></span> 
     </span>
     <span class='ocr_line' id='line_1_24' title="bbox 99 2063 863 2144; baseline 0.004 -22"><span class='ocrx_word' id='word_1_160' title='bbox 99 2071 167 2123; x_wconf 90' lang='grc' dir='ltr'><strong><em>τατά</em></strong></span> <span class='ocrx_word' id='word_1_161' title='bbox 187 2073 252 2140; x_wconf 77' lang='grc' dir='ltr'><strong><em>ἐστι,</em></strong></span> <span class='ocrx_word' id='word_1_162' title='bbox 265 2070 296 2124; x_wconf 90' lang='grc' dir='ltr'><strong><em>τό</em></strong></span> <span class='ocrx_word' id='word_1_163' title='bbox 309 2090 336 2124; x_wconf 84' lang='grc' dir='ltr'><strong><em>τε</em></strong></span> <span class='ocrx_word' id='word_1_164' title='bbox 350 2071 499 2144; x_wconf 74' lang='grc' dir='ltr'><strong><em>πειρᾶσθαι</em></strong></span> <span class='ocrx_word' id='word_1_165' title='bbox 514 2063 548 2126; x_wconf 82' lang='grc' dir='ltr'><strong><em>δι’</em></strong></span> <span class='ocrx_word' id='word_1_166' title='bbox 562 2070 706 2140; x_wconf 76' lang='grc' dir='ltr'><strong><em>ἐλαχίστων</em></strong></span> <span class='ocrx_word' id='word_1_167' title='bbox 720 2066 863 2142; x_wconf 90' lang='grc' dir='ltr'><strong><em>ὀνομάτων</em></strong></span> 
     </span>
     <span class='ocr_line' id='line_1_25' title="bbox 98 2153 863 2228; baseline 0.005 -21"><span class='ocrx_word' id='word_1_168' title='bbox 98 2155 210 2208; x_wconf 82' lang='grc' dir='ltr'><strong><em>πλεῖστα</em></strong></span> <span class='ocrx_word' id='word_1_169' title='bbox 225 2153 364 2224; x_wconf 80' lang='grc' dir='ltr'><strong><em>σημαίνειν</em></strong></span> <span class='ocrx_word' id='word_1_170' title='bbox 389 2155 545 2228; x_wconf 88' lang='grc' dir='ltr'><strong><em>πράγματα,</em></strong></span> <span class='ocrx_word' id='word_1_171' title='bbox 569 2174 615 2209; x_wconf 90' lang='grc' dir='ltr'><strong><em>και</em></strong></span> <span class='ocrx_word' id='word_1_172' title='bbox 606 2153 715 2210; x_wconf 87' lang='grc' dir='ltr'><strong><em>πολλά</em></strong></span> <span class='ocrx_word' id='word_1_173' title='bbox 729 2156 863 2211; x_wconf 80' lang='grc' dir='ltr'><strong><em>συντιθέ-</em></strong></span> 
     </span>
     <span class='ocr_line' id='line_1_26' title="bbox 98 2233 864 2338; baseline 0 -46"><span class='ocrx_word' id='word_1_174' title='bbox 98 2259 144 2292; x_wconf 89' lang='grc' dir='ltr'><strong><em>ναι</em></strong></span> <span class='ocrx_word' id='word_1_175' title='bbox 158 2257 281 2309; x_wconf 86' lang='grc' dir='ltr'><strong><em>νοηματα</em></strong></span> <span class='ocrx_word' id='word_1_176' title='bbox 308 2234 344 2300; x_wconf 85' lang='grc' dir='ltr'><strong><em>εῖς</em></strong></span> <span class='ocrx_word' id='word_1_177' title='bbox 369 2233 408 2303; x_wconf 80' lang='grc' dir='ltr'><strong><em>ἓν,</em></strong></span> <span class='ocrx_word' id='word_1_178' title='bbox 424 2235 521 2292; x_wconf 74' lang='grc' dir='ltr'><strong><em>καῖίτι</em></strong></span> <span class='ocrx_word' id='word_1_179' title='bbox 548 2237 764 2338; x_wconf 78' lang='grc' dir='ltr'><strong><em>προσδεχόμενόν</em></strong></span> <span class='ocrx_word' id='word_1_180' title='bbox 776 2257 801 2292; x_wconf 89' lang='grc' dir='ltr'><strong><em>τι</em></strong></span> <span class='ocrx_word' id='word_1_181' title='bbox 816 2241 864 2294; x_wconf 89' lang='grc' dir='ltr'><strong><em>τόν</em></strong></span> 
     </span>
     <span class='ocr_line' id='line_1_27' title="bbox 98 2309 864 2426; baseline 0.001 -51"><span class='ocrx_word' id='word_1_182' title='bbox 98 2317 241 2426; x_wconf 78' lang='grc' dir='ltr'><strong><em>άγροατήν</em></strong></span> <span class='ocrx_word' id='word_1_183' title='bbox 249 2319 427 2387; x_wconf 85' lang='grc' dir='ltr'><strong><em>άκοόοεσθαι,</em></strong></span> <span class='ocrx_word' id='word_1_184' title='bbox 443 2323 620 2377; x_wconf 82' lang='grc' dir='ltr'><strong><em>καταλιπεῖν·</em></strong></span> <span class='ocrx_word' id='word_1_185' title='bbox 642 2319 687 2393; x_wconf 82' lang='grc' dir='ltr'><strong><em>ὕφ</em></strong></span> <span class='ocrx_word' id='word_1_186' title='bbox 710 2309 745 2376; x_wconf 85' lang='grc' dir='ltr'><strong><em>ών</em></strong></span> <span class='ocrx_word' id='word_1_187' title='bbox 758 2318 864 2392; x_wconf 82' lang='grc' dir='ltr'><strong><em>άσαηίς</em></strong></span> 
     </span>
     <span class='ocr_line' id='line_1_28' title="bbox 97 2405 862 2479; baseline 0.003 -20"><span class='ocrx_word' id='word_1_188' title='bbox 97 2407 201 2477; x_wconf 84' lang='grc' dir='ltr'><strong><em>γίνεται</em></strong></span> <span class='ocrx_word' id='word_1_189' title='bbox 214 2427 244 2459; x_wconf 86' lang='grc' dir='ltr'><strong><em>το</em></strong></span> <span class='ocrx_word' id='word_1_190' title='bbox 235 2405 384 2479; x_wconf 53' lang='lat' dir='ltr'><strong><em>ssqaxbf&#39;</em></strong></span> <span class='ocrx_word' id='word_1_191' title='bbox 373 2426 417 2461; x_wconf 88' lang='grc' dir='ltr'><strong><em>ινα</em></strong></span> <span class='ocrx_word' id='word_1_192' title='bbox 432 2406 459 2461; x_wconf 81' lang='grc' dir='ltr'><strong><em>δὲ</em></strong></span> <span class='ocrx_word' id='word_1_193' title='bbox 474 2406 622 2461; x_wconf 87' lang='grc' dir='ltr'><strong><em>συνελών’</em></strong></span> <span class='ocrx_word' id='word_1_194' title='bbox 601 2425 674 2473; x_wconf 87' lang='grc' dir='ltr'><strong><em>ειπω,</em></strong></span> <span class='ocrx_word' id='word_1_195' title='bbox 689 2407 801 2478; x_wconf 81' lang='grc' dir='ltr'><strong><em>τέτταρα</em></strong></span> <span class='ocrx_word' id='word_1_196' title='bbox 813 2408 862 2478; x_wconf 86' lang='grc' dir='ltr'><strong><em>μὲν</em></strong></span> 
     </span>
     <span class='ocr_line' id='line_1_29' title="bbox 98 2483 862 2563; baseline 0.005 -22"><span class='ocrx_word' id='word_1_197' title='bbox 98 2490 168 2543; x_wconf 81' lang='grc' dir='ltr'><strong><em>ε’στιν</em></strong></span> <span class='ocrx_word' id='word_1_198' title='bbox 195 2483 281 2563; x_wconf 82' lang='grc' dir='ltr'><strong><em>ὥσπερ</em></strong></span> <span class='ocrx_word' id='word_1_199' title='bbox 307 2488 410 2563; x_wconf 77' lang='grc' dir='ltr'><strong><em>ὄργανα</em></strong></span> <span class='ocrx_word' id='word_1_200' title='bbox 436 2493 481 2561; x_wconf 76' lang='grc' dir='ltr'><strong><em>τῆς</em></strong></span> <span class='ocrx_word' id='word_1_201' title='bbox 505 2487 676 2545; x_wconf 84' lang='grc' dir='ltr'><strong><em>Θουκυδίδου</em></strong></span> <span class='ocrx_word' id='word_1_202' title='bbox 701 2491 803 2553; x_wconf 71' lang='grc' dir='ltr'><strong><em>λέξεως·</em></strong></span> <span class='ocrx_word' id='word_1_203' title='bbox 829 2493 862 2546; x_wconf 84' lang='grc' dir='ltr'><strong><em>τό</em></strong></span> 
     </span>
    </p>
   </div>
   <div class='ocr_carea' id='block_1_3' title="bbox 96 2569 859 2648">
    <p class='ocr_par' dir='ltr' id='par_1_3' title="bbox 96 2569 859 2648">
     <span class='ocr_line' id='line_1_30' title="bbox 96 2569 859 2648; baseline 0.004 -23"><span class='ocrx_word' id='word_1_204' title='bbox 96 2571 237 2638; x_wconf 85' lang='grc' dir='ltr'><strong><em>ποιητικόν</em></strong></span> <span class='ocrx_word' id='word_1_205' title='bbox 253 2573 303 2627; x_wconf 85' lang='grc' dir='ltr'><strong><em>τῶν</em></strong></span> <span class='ocrx_word' id='word_1_206' title='bbox 317 2569 464 2648; x_wconf 83' lang='grc' dir='ltr'><strong><em>ὀνομάτων,</em></strong></span> <span class='ocrx_word' id='word_1_207' title='bbox 492 2576 521 2629; x_wconf 89' lang='grc' dir='ltr'><strong><em>τό</em></strong></span> <span class='ocrx_word' id='word_1_208' title='bbox 537 2573 673 2638; x_wconf 75' lang='grc' dir='ltr'><strong><em>πολυειδὲς</em></strong></span> <span class='ocrx_word' id='word_1_209' title='bbox 686 2575 737 2630; x_wconf 86' lang='grc' dir='ltr'><strong><em>τών</em></strong></span> <span class='ocrx_word' id='word_1_210' title='bbox 750 2574 859 2646; x_wconf 71' lang='grc' dir='ltr'><strong><em>σγημά·</em></strong></span> 
     </span>
    </p>
   </div>
   <div class='ocr_carea' id='block_1_4' title="bbox 0 0 980 2954">
    <p class='ocr_par' dir='ltr' id='par_1_4' title="bbox 0 0 980 2954">
     <span class='ocr_line' id='line_1_31' title="bbox 0 0 980 2954; baseline 0 1"><span class='ocrx_word' id='word_1_211' title='bbox 0 0 980 2954; x_wconf 95' lang='lat' dir='ltr'><strong><em> </em></strong></span> 
     </span>
    </p>
   </div>
  </div>
 </body>
</html>
