1950 2954
176 210 224 258 DE
243 207 394 260 THVCYD.
413 208 553 259 HISTOR.
570 208 743 260 IVDICIVM.
821 212 854 270 97

89 314 281 389 ,,βοῆσαντες,
311 311 415 389 άθρόοι
431 310 560 388 ὥρμησαν
574 308 615 370 ἐπ’
627 309 756 380 αιῖτοίις.“
777 301 809 382 ῆν
823 307 854 369 δ’

88 394 230 472 ῆπεριοχῆ
256 394 377 472 ὠφελίμη
398 401 615 455 κατεσκευάσθαι
640 401 679 470 μῆ
695 399 793 454 τοῦτον
807 391 854 454 ὑπ’

89 478 177 538 αὐτοῖν
202 485 249 538 τόν
272 485 387 559 τρόπον,
415 479 482 538 άλλά
510 486 665 559 κοινότερον
690 480 856 553 μάλλονκαῖ

85 562 301 641 ὠφελιμώτερον,
329 569 378 622 τοῦ
404 568 557 622 τελευταίου
581 567 684 644 μορίου
697 565 733 640 τῷ
759 565 854 642 πρώτῳ

86 654 296 725 προστεθέντος,
326 653 377 706 τῶν
397 650 425 706 δέ
439 650 484 706 διά
497 653 596 722 μέσου,
622 653 670 720 τῆν
683 653 751 723 μετά
764 651 852 705 ταῖντα

84 736 176 809 χώραν
203 736 351 808 λαβόντων.
378 731 549 810 οῖγκυλωτέρα
572 736 624 805 ’μὲν
650 725 727 804 σόνῆ
754 736 852 808 φράσις

86 815 160 875 οὕτω
173 821 391 892 σχηματισθεῖσα
410 822 512 892 γέγονε,
531 819 579 875 καί
593 820 744 892 δεινοτέρα·
762 839 847 889 σαφε-

85 905 167 977 στέρα
183 904 271 959 δὲκαὶ
289 900 371 974 ῆδίων
391 906 492 967 ἐκείνως
520 899 553 958 άν
579 905 850 958 κατασκευασθεῖσα·

84 990 168 1062 ,Τῶν
184 988 212 1043 δέ
225 987 450 1058 Λακεδαιμονίων
470 983 560 1044 οὐκέτι
580 984 719 1059 ἀπελθεῖν,
731 982 749 1055 ῆ
763 1006 850 1060 προσ-

84 1074 221 1140 ,,,πίπτειν
238 1073 405 1143 δυναμένων,
419 1074 525 1145 γνόντες
537 1066 637 1135 αὗτοίς
650 1069 676 1127 οῖ
691 1067 767 1144 φιλοῖ
781 1071 851 1174 βρα-

83 1157 234 1230 ηδυτέρους
248 1152 312 1225 ῆδη,
327 1157 521 1229 συστραφέντες
535 1176 582 1211 και
572 1150 818 1230 ἐμβοήσαντες,
797 1176 851 1230 ωρ-

83 1260 195 1312 ,,μησαν
219 1237 259 1296 ἐπ’
287 1237 524 1316 αόνοὺςάθρόοι·
548 1239 576 1295 ἐκ
596 1261 624 1295 τε
649 1242 695 1310 τῆς
721 1237 851 1340 όφεωςτδ

85 1324 223 1398 Πθαρρεῖν
242 1325 466 1397 προσειληφότες,
494 1319 538 1379 ὅτι
558 1311 782 1380 πολλαπλάσιοι
766 1342 850 1393 ησαν·

84 1407 166 1483 ,,καί,
179 1413 207 1464 εκ
222 1429 373 1481 τοομηκετι
388 1408 491 1472 δεινους
519 1403 619 1472 αὕτους
646 1409 745 1481 ομοιως
759 1408 852 1478 σφισιν

84 1493 271 1567 ,,φαίνεσθαι,
298 1494 563 1568 καταφρονήσαντες,
591 1493 683 1564 ἐπειδὴ
704 1487 753 1548 οὔκ
768 1487 851 1556 εόθύς

84 1573 166 1647 ,μῖξια
181 1581 226 1648 τῆς
240 1577 404 1653 προσδοκίας
422 1579 618 1646 ἐπεπόνθεσαν,
638 1572 672 1646 ῆν
686 1576 767 1647 ἔσχον
780 1573 852 1633 ῖπό-

84 1666 195 1735 ,,ληφιν,
212 1660 255 1719 ὅτε
269 1664 375 1767 πρῶτον
388 1664 550 1736 ἐπέβαινον,
564 1666 598 1740 τῆ
610 1663 703 1738 γνώμη
716 1661 849 1719 δεδουλω-

85 1789 102 1820 ,,
95 1750 197 1817 ,μὲνσι,
213 1746 247 1810 οῖς
260 1751 303 1801 ε’πι
293 1745 580 1818 Aausdamon'ovgfl

153 1834 198 1887 26
221 1825 459 1903 Υπεξαιρουμένης
473 1830 544 1885 δὲ’
513 1852 559 1899 της
572 1832 739 1906 περιγραφῆς
752 1830 851 1898 πόσης,

86 1910 169 1969 τάλλα
196 1914 285 1968 πάντα
299 1905 455 1984 ὠνόμασταί
480 1933 506 1967 τε
534 1916 588 1976 τοῖς
614 1913 850 1988 προσφυεστάτοις

86 1995 222 2069 ὀνόμασι,
257 1995 304 2051 καὶ
334 1993 517 2070 περιείληπται
543 1998 602 2060 τοῖς
626 1995 853 2064 ἐπιτηδειοτάτοις

85 2083 289 2155 σχηματισμοῖς.
317 2076 440 2154 άρετῆςτ
440 2073 642 2153 ὀὗδεμιάς,*
624 2077 762 2145 ωςειπεῖν,
791 2072 853 2132 οὔτε

85 2169 221 2236 λεκτικῆς,
249 2160 312 2221 οὕτε
337 2167 538 2241 πραγματικῆς,
564 2163 657 2227 ένδεαῖς
675 2161 798 2232 ἔσχηκεν·
820 2156 852 2223 οῖς

86 2249 166 2309 οὐδὲν
181 2250 277 2325 δέομαι
290 2251 371 2306 πάλιν
399 2251 620 2324 εξαριθμεῖσθαι.
642 2251 671 2304 έν
686 2247 713 2302 δέ
728 2267 759 2320 τη
749 2243 851 2318 ίβδό·

85 2359 125 2411 μη
144 2337 229 2410 βίβλῳ
254 2335 303 2404 τῆν
329 2335 444 2404 εσχάτην
471 2334 623 2408 ναυμαχίαν
646 2327 796 2401 Αθηναίων
807 2350 852 2385 και

88 2416 321 2495 Συρακουσίων’
303 2417 504 2494 αφηγοόμενσς,
532 2412 616 2484 οὕτως
629 2411 751 2490 ὠνόμακέ
764 2434 791 2468 τε
804 2410 851 2468 καί

87 2505 246 2577 εσχημάτικε
260 2525 293 2559 τα
286 2504 519 2609 ’πραχθένταῃ
522 2496 598 2559 Οδέ
611 2502 791 2572 Δημοσθένης
804 2497 852 2554 καί

86 2587 272 2664 ,,Μενανδρος
285 2585 332 2644 και
357 2584 541 2659 Εὗθίδημος·
561 2575 638 2643 οὗτοι
662 2587 716 2663 γάρ
741 2581 786 2639 sni
804 2584 852 2645 τάς

88 2675 174 2749 ,ναῦς
186 2674 238 2728 τῶν
253 2669 402 2742 Ἀθηναίων
415 2693 565 2753 στρατηγοι
553 2671 720 2743 ἐπέβησαν
752 2662 874 2742 &qu-ms

115 2750 231 2801 Βιακτε.
244 2751 274 2802 Τ.
288 2753 331 2806 VI.
