1950 2954
205 125 252 199 σε
276 126 546 181 σοπεοειτεοστ
566 130 767 186 νεπσοπυττ.
833 140 869 196 35

104 232 148 290 καί
173 235 203 288 τό
226 233 365 301 όιάιονον,
390 233 437 290 καί
463 237 493 291 τό
519 230 666 307 ἡμιτόνιον,
693 235 727 303 ὥς
754 236 783 295 όί
802 259 870 304 τινες

103 319 215 390 οἴονται,
242 318 287 374 καί
314 320 363 387 τήν
391 317 476 375 δίεσιν
501 317 646 389 αἰσθητῶς.
672 321 720 384 τάς
738 342 764 376 τε
790 327 868 388 λεἙεις

103 404 158 464 τοῖς
170 403 274 474 με’λεσιν
290 401 449 460 ὑποτάττειν
463 401 542 479 άξεοῖ,
568 403 615 460 καί
628 400 662 460 οὗ
676 407 710 458 τά
731 408 796 476 με’λη
809 410 867 471 ταῖς

102 488 207 560 λέξεσιν,
233 484 267 551 ὥς
279 490 306 552 ἐξ
317 483 403 543 ἄλλων
414 509 441 544 τε
454 491 557 544 πολλῶν
572 487 661 557 όῆλον,
689 487 735 544 καί
748 490 866 560 μάλιστα

103 573 155 626 τῶν
184 567 334 645 Εὐριπίδου
360 575 456 645 μελῶν,
482 567 643 640 άπεπσίηκε
662 575 709 639 τίν
722 568 867 646 Ἠλέκτραν

102 656 233 729 λέγουσαν
245 660 273 710 ίν
290 650 399 731 Ὀρέστῃ
413 659 479 733 πρός
491 659 539 713 τόν
548 658 645 731 χορόν·

159 743 241 813 Σῖχα,
269 743 344 813 σῖγα,
364 743 459 796 λευκόν
472 743 544 809 ῖχνος
562 737 681 817 άρβίελης

159 827 283 891 Τιθεῖτε,
307 826 346 897 μὴ
359 830 489 882 κτυπεῖτε.
517 858 559 868 --

151 903 331 982 Ἅπαπρόβατ’
345 904 424 965 ἕκεῖά
438 908 583 982 ἀπόπροθι
597 902 697 971 κοίτας.

97 997 126 1048 ἐν
140 992 234 1067 χάρόη
250 993 357 1057 τοίτοις
370 995 399 1048 τό
413 997 514 1067 ,,Σῖχα,
530 996 602 1066 σῖγα,
618 993 738 1046 λευκόνίί
751 986 792 1062 ἐφ’
807 994 864 1056 λνός

96 1077 230 1150 φθόγγου
240 1076 412 1152 μελῳδεῖται,
440 1079 529 1133 καίτοι
542 1078 594 1131 τῶν
608 1077 687 1149 τριῶν
701 1077 791 1139 λέξεων
805 1077 865 1133 ἑκά·

96 1180 146 1228 στη
159 1161 271 1234 βορείοις
285 1181 311 1216 τε
322 1163 409 1225 τάσεις
422 1161 472 1232 ἔχει
487 1161 532 1217 καί
546 1157 640 1225 ὀξείας.
671 1159 718 1215 καί
731 1162 762 1215 τό
781 1155 863 1235 „310-

95 1243 205 1316 βόλης“
218 1244 262 1300 ἐπὶ
275 1247 343 1318 μίση
356 1246 478 1318 συλλαβῇ
491 1247 541 1313 τήν
555 1245 644 1319 τρίτην
655 1243 788 1317 ὁμότονον
801 1243 861 1314 ἔχει,

97 1326 241 1398 ἀμηχάνου
267 1327 344 1392 ὄντος
369 1327 395 1385 ἓν
423 1329 510 1401 ὄνομα
525 1329 574 1384 όίιο
587 1330 680 1402 λαβεῖν
695 1325 788 1396 όξείας.
816 1329 863 1385 καλ

96 1415 147 1468 τοῦ
159 1415 293 1483 „meite
302 1421 319 1482 ‘f
330 1413 523 1488 βαρυτίραμέν
534 1409 647 1488 ἡπρώτη
653 1413 762 1482 γίνεται,
777 1411 826 1468 όόο
834 1412 863 1468 όί

95 1493 152 1554 μετ’
167 1493 253 1564 αὐτόν
266 1493 390 1560 ὀξύτονοί
408 1517 435 1552 τε
456 1498 501 1552 καί
520 1497 665 1570 όμόφανοι.
692 1498 741 1552 τοῦ
759 1504 863 1570 ,,Κτυ-

95 1584 169 1636 πεῖτε
179 1589 197 1613 “
216 1579 232 1636 ὁ
246 1583 432 1655 περισπασμός
445 1578 606 1651 ἠφάνισται·
631 1581 683 1654 μιρῖ
701 1584 755 1654 γάρ
768 1579 798 1636 αῖ
812 1580 861 1636 όίιο

95 1664 232 1736 συλλαβαὶ
245 1667 367 1738 λίμονται
381 1668 463 1721 τάσει.
482 1665 528 1720 καί
541 1667 571 1720 τό
586 1659 814 1739 ,,Ἀποπρόβατ’“
829 1659 863 1719 οὗ

94 1750 229 1821 λαμβάνει
243 1750 291 1818 τη’ν
305 1752 350 1818 τῆς
361 1751 441 1819 μέσης
455 1751 589 1821 συλλαβῆς
597 1749 752 1821 προσριόίαν
764 1745 861 1816 ὀξεῖαν,

96 1827 155 1888 ἄλλ’
170 1831 216 1888 ἐπὶ
231 1832 279 1900 τόν
293 1835 419 1907 τετάρτην
433 1834 569 1905 συλλαβήν
583 1834 767 1906 καταβέβηκεν
781 1829 797 1902 ἡ
811 1833 861 1886 τά·

96 1939 136 1982 σις
161 1919 208 1986 τῆς
234 1918 330 1992 τρίτης.
356 1919 387 1972 τό
403 1912 430 1971 ό’
446 1913 513 1973 αότό
539 1918 641 1987 γίνεται
654 1915 701 1972 καί
720 1916 782 1993 περὶ
802 1915 865 1981 τούς

96 2001 233 2075 ρὐθμοός.
261 1997 277 2069 ί]
292 2003 340 2072 μὲν
352 2003 404 2077 γάρ
417 2002 480 2069 πεζή
495 2004 558 2067 λέξις
572 1998 682 2064 οόόενός
695 1997 744 2057 οὔτ
758 1991 862 2072 όνόμά-

96 2107 149 2150 τος,
176 2080 241 2141 οὔτε
256 2087 389 2160 ῥήματος,
414 2086 537 2158 βιάζεται
562 2083 628 2148 τοάς
647 2085 772 2158 χρόνους,
800 2077 863 2136 οάόί

95 2172 293 2240 μετατίθησιν·
321 2163 377 2225 ἄλλ’
404 2169 462 2234 οίας
487 2172 634 2244 παρείληφε
660 2167 693 2241 τῇ
719 2165 799 2239 φύσει
817 2167 863 2230 τάς

97 2255 232 2327 συλλαβάς
246 2255 294 2313 τάς
307 2275 334 2309 τε
346 2256 452 2328 μακράς
462 2253 508 2310 καί
522 2255 569 2319 τάς
581 2253 717 2327 βραχείας,
736 2248 864 2316 τοιαότοις

97 2338 233 2410 φυλάττει.
248 2333 264 2406 ἡ
280 2338 309 2394 όί
322 2341 445 2413 ῥυθμικὴ
459 2336 504 2394 καί
515 2339 634 2411 μουσικὴ
646 2337 864 2412 μεταβάλλουσιν

96 2418 180 2489 αότάς
191 2424 321 2497 μειοῦσαι
334 2422 380 2478 καί
395 2418 534 2490 αὔξουσαι,
550 2418 616 2478 οῖστε
628 2421 755 2485 πολλάκις
767 2416 803 2482 εἷς
816 2413 866 2472 τά·

97 2507 190 2564 ναντλα
202 2509 377 2581 μεταχωρεῖν·
397 2503 431 2565 οὔ
443 2510 495 2581 χάρ
510 2509 567 2570 ταῖς
580 2506 729 2582 συλλαβαῖς
742 2497 870 2562 άπευθίε·

99 2606 175 2649 νουσι
184 2593 250 2657 τοός
259 2591 375 2660 κράνους
390 2589 458 2650 α’λλά
470 2595 528 2659 τοῖς
535 2594 649 2671 χρόνοις
664 2595 714 2668 τάς
726 2590 888 2672 συλλαβάς.

617 2681 641 2738 C
666 2696 683 2742 2
