1950 2954
119 183 170 238 110
237 178 404 237 DIONYSII·
415 176 761 232 HALICARNASSENSIS

120 284 253 339 τιθεικότι
267 283 382 352 τρίτοις,
410 286 507 360 πρέποι
520 280 562 352 ἄν,
578 277 665 389 οἶμαι,
678 286 738 349 τοές
750 282 882 350 τοιοίτοις

120 369 210 440 λόγοις
235 374 346 442 κοσμεῖν
372 370 421 438 555
434 370 593 444 πανήγυριν,
620 370 695 442 τέχνη
707 368 824 441 μετιόντι
838 370 884 425 τίν

119 451 241 556 λόγον,’
223 473 256 515 ως
268 455 306 554 μη
320 456 388 509 κατοί
399 455 462 518 τούς
473 453 625 517 πολλοὺς*
598 475 637 524 ειη
652 449 724 526 5515
713 452 883 526 γινόμενος.

120 539 182 608 φέρε
205 535 256 592 οὐν
283 534 319 602 εἷς
343 539 438 602 τοῦτο,
465 527 515 592 5²
518 540 672 612 Εχέκρατες,
700 508 814 609 λέγωμέν
827 556 884 603 σοι,

121 615 208 692 ὥσπερ
223 618 290 675 5555
310 641 383 688 τινος
407 618 555 725 5555553‘
566 625 621 686 τοῖς
634 623 744 685 πολλοῖς
759 617 884 693 ἡγεμόνες

119 705 266 777 γινόμενοι,
285 700 319 775 ἣν
331 707 418 762 ποίλαι
430 706 506 778 παρὰ
519 708 572 762 τῶν
590 708 711 781 πατέρων
725 708 772 773 τῆς
784 702 884 777 5555·

120 791 172 857 πῆς
185 791 286 860 σοφίας
309 792 515 865 παραλαβόντες
528 789 634 863 ἔχομεν·
661 792 760 845 έκεῖνοι
773 788 811 855 55,
838 789 886 845 κοιλ

121 871 149 928 οἱ
162 870 201 928 έτι
213 872 315 929 τοίτων
335 871 470 949 ἀνώτεροι,
499 871 562 949 παρ’
586 870 687 945 Ἑρμοῦ
700 894 728 929 τε
743 873 789 930 καὶ
803 882 885 930 Μου-

120 959 174 1013 σῶν
187 959 280 1030 λαβεῖν
291 958 404 1030 ἔφασαν,
418 955 451 1015 55
464 962 548 1033 μεῖον,
576 955 593 1026 5
606 954 770 1033 έἍσκρολος
781 961 886 1030 ποιμὴν

120 1041 231 1111 ποίησιν
245 1045 319 1118 παρὰ
332 1046 384 1101 τῶν
398 1039 487 1099 αὐτῶν
501 1044 603 1099 τούτων
617 1047 645 1099 έν
665 1043 701 1116 τῷ
710 1038 838 1098 Ἑλικῶνι.

187 1131 216 1184 2.
234 1121 291 1183 Ἴθι
311 1119 360 1184 οὖν
378 1130 429 1185 οὐν
447 1131 524 1202 τέχνῃ
541 1125 641 1183 οὑτωσί
653 1126 749 1198 μετιὼν
762 1125 825 1189 τοὺς
838 1126 882 1180 λέ-

121 1228 193 1283 γους.
219 1211 285 1274 θεὸς
297 1213 345 1282 μέν
358 1214 389 1286 γέ
408 1233 463 1267 που
488 1214 595 1276 ποίντως
607 1213 695 1279 πέσης
719 1207 884 1281 ἡστινοσοῦν

123 1292 294 1395 πανηγύρεως
307 1291 411 1367 ηγεμιῖιν
424 1295 471 1352 καί
484 1296 636 1368 ἐπώνυμος·
651 1287 718 1366 οἷον,
731 1289 884 1364 Ὀλυμπίων

120 1377 177 1449 μέν,
189 1373 336 1450 Ολυμπιος
349 1379 427 1444 Ζευς
454 1374 547 1436 5555’
572 1385 600 1436 έν
615 1383 723 1448 Πυθοῖ,
743 1374 883 1436 Ἀπόλλων.

121 1459 562 1562 5515555555555575510555,
579 1457 755 1530 5555555‘
738 1483 813 1530 οστις
824 1457 884 1520 ποτ’

120 1542 155 1600 5
168 1533 194 1620 5,
209 1544 318 1610 ἔπαινος
327 1543 392 1617 5555
410 1551 545 1622 γινέσθω,
573 1545 662 1624 ὥσπερ
675 1549 846 1624 προσωπεῖόν
859 1567 886 1603 τι

121 1622 250 1703 τηλαυγές
262 1632 436 1705 προκείμενος
451 1653 499 1688 του
483 1635 605 1707 λόγου.
625 1636 772 1695 ἐπαινέσεις
787 1627 814 1686 5'
828 1628 886 1687 555

121 1716 173 1770 τῶν
186 1716 390 1790 προσόντων
354 1738 389 1771 τω
408 1717 480 1790 θεῷ·
499 1715 522 1772 5
535 1718 583 1790 μέν
598 1717 676 1788 Ζεὺς,
703 1712 745 1772 ὅτι
759 1715 887 1789 βασιλεὺς

121 1794 234 1863 θεῶν’
217 1819 259 1853 οτι
272 1800 324 1855 τῶν
343 1771 412 1856 ὅλων
438 1798 666 1876 δημιουργές·’
644 1822 667 1856 ει
693 1796 720 1855 5'
744 1795 886 1866 Ἀπόλλων,

121 1879 164 1939 ὅτι
176 1885 308 1984 μουσικῆς
321 1882 440 1959 εὑρετὴς,
468 1881 509 1941 ὅτι
523 1886 539 1941 5
552 1882 634 1949 αὗτὸς
644 1881 732 1958 Ἡλίῳ,
752 1880 843 1949 Ἥλιος
856 1883 888 1940 55

122 1968 228 2024 πάντων
253 1968 337 2024 πᾶσιν
351 1966 466 2074 ἀγαθῶν
480 1973 579 2034 οίτισς
606 1990 631 2025 ει
620 1966 692 2025 '55
694 1940 860 2043 λίραιιλῆς,”
842 1989 888 2025 οτι

120 2053 196 2126 Διὸς,
217 2052 264 2108 καί
277 2047 295 2108 5
309 2058 423 2129 παρέσχε
447 2054 543 2158 5555
529 2076 557 2110 5.
584 2075 630 2110 και
620 2053 779 2122 σχείένε
763 2073 779 2108 ο
802 2055 888 2118 τόπος

122 2140 391 2213 συμπληρωθήσεται,
418 2141 444 2203 ἐξ
457 2116 492 2195 55
506 2137 617 2203 ἕκαστος
630 2137 647 2209 5
662 2124 747 2212 τέρεν,
772 2134 888 2210 ἢπαρέ-

122 2242 165 2290 σχο
179 2227 235 2287 τοῖς
248 2221 456 2297 ἄνθρωπονμίν
442 2225 565 2327 νμραχελ
578 2224 607 2279 55
620 2224 720 2288 ταῦτα,
737 2221 771 2286 ὡς
782 2223 820 2294 μή
835 2221 887 2277 555

121 2305 270 2370 έπιόντοςὸ
284 2309 362 2382 λέγος
375 2308 391 2363 5
404 2309 531 2381 προάγων
541 2308 677 2379 μείζον’
646 2327 779 2380 γιγνοιτο.

180 2393 206 2446 3
225 2385 334 2462 Ἐφεξῆς
346 2392 447 2447 ἐπιέναι
456 2413 508 2466 χρη
501 2391 598 2448 “”τέν
583 2411 693 2448 εποινον
707 2394 753 2496 της
775 2391 886 2458 πόλους,

120 2457 178 2526 ἐν
160 2493 177 2544 η
190 2467 205 2541 5
220 2476 380 2550 πανήγυρις·
394 2496 454 2550 περι
444 2474 567 2541 θέσεως
578 2497 671 2549 αντης,
678 2477 738 2548 περι
750 2477 887 2548 γενέσεως

108 2543 187 2627 ενρῖ,
216 2557 288 2620 τΙςέ
300 2561 457 2628 κτίστης,
445 2558 565 2634 555⁸
548 2557 655 2634 ηῆρως,
682 2557 728 2616 καί
741 2561 768 2614 τί
779 2578 805 2613 τι
819 2557 888 2629 ἔχεις

91 2639 162 2708 περί
178 2637 273 2698 αὔτοῦ
301 2641 406 2702 εἰπεῖν·
433 2649 459 2705 εί
475 2669 504 2705 τι
517 2650 672 2724 πέπρακται
682 2665 716 2718 τη
699 2638 847 2719 πέλει,ἧ
859 2646 887 2699 έν
