1950 2954
155 189 202 238 DE
222 190 725 245 THVCYD.HISTOR.1VDICIVM.
802 199 852 254 111

86 336 94 362 ,
97 337 106 362 ,
114 295 181 370 πρὸς
195 297 228 350 τιί
241 295 306 370 ἔργα
319 297 452 372 ἐχώρουν·
473 297 500 354 οἱ
515 297 543 353 δέ
556 300 789 375 καταφρονοῦντες
801 295 852 374 κρίν

84 382 312 452 ,προαισθέσθαι
320 426 328 450 ,
355 383 400 438 καί
420 382 487 457 έρχρι
501 379 581 439 οὐδέν
594 385 663 454 σφοῖς
677 381 732 438 δεῖν
744 384 851 457 λαμβιί-

85 485 168 530 ,,νειν,
184 458 202 518 σί
219 467 310 541 γνώμῃ
326 466 432 534 έέεστιν,
459 462 595 542 ἄφρακτοι
607 469 712 540 μᾶλλον
724 466 850 538 διεφθεί-

84 553 215 622 ,,ροντσ.“
237 553 266 605 ἐκ
277 554 381 608 πολλῶν
394 551 434 607 ἔτι
454 552 599 625 δυνάμενος
626 552 850 629 παραδειγμάτων

84 637 195 704 ποιῆσαι
221 637 348 710 φανερόν,
366 634 409 690 ὅτι
422 638 546 710 κρείττων
559 637 632 693 ἐστίν
647 641 745 702 ἐντοῖς
759 636 850 712 διημή-

82 738 173 789 μασιν,
191 715 257 774 ὅταν
271 724 299 774 ἐν
320 720 355 793 τῷ
370 721 486 824 ρωνηθει
496 721 543 777 καί
557 721 636 794 κοινῷ
648 725 694 792 τῆς
707 722 849 778 διαλέκτου

80 805 231 877 χαρακτῆρι
244 806 318 877 μένῃ,
343 805 437 879 χείρων
451 801 531 872 003⁰
516 826 582 861 οταν
595 809 708 883 ἐκτρέφη
723 807 772 875 τήν
786 806 848 862 δισί-

81 888 201 941 λεκτον’
188 907 215 942 εκ
240 891 285 957 τῆς
302 889 469 991 ρυνηθους’
456 888 501 944 επί
515 892 548 944 τοί
574 892 633 952 ξένα
656 886 787 962 ὀνόματα,
802 891 848 948 καί

80 972 246 1044 βεβιασμένα
260 973 395 1045 σχήματα,
415 960 452 1028 ὧν
465 993 522 1028 ενια
542 976 722 1080 σολοικισμῶν
733 977 848 1080 παρέχε-

80 1076 126 1110 ται
141 1056 229 1120 δόξαν,
241 1054 453 1162 αρκεσθηρομαι
466 1057 583 1134 τούτοις,
594 1056 641 1115 ἵνα
650 1061 690 1130 μή
703 1060 848 1144 περαιτέρω

79 1143 128 1195 τοῦ
143 1138 276 1206 δέοντος
262 1166 277 1212 η
292 1143 384 1215 χραφή
396 1164 445 1216 μοι
459 1143 559 1218 πρσβῆ.

144 1227 193 1283 34.
216 1221 288 1282 Επεὶ
303 1226 331 1281 δέ
352 1225 397 1282 καί
410 1225 472 1302 περί
498 1230 550 1284 τῶν
578 1222 846 1302 δημηγοριῶναῦτσδ

78 1331 112 1365 τα
105 1310 262 1366 δοκοῦντά
287 1332 333 1383 μοι
359 1315 466 1418 φανεροί
490 1313 613 1380 ποιήσειν
641 1310 803 1386 ὕπεσχδμην,
816 1315 844 1369 έν

78 1387 122 1458 αἷς
136 1398 242 1451 οἴονταί
254 1416 323 1460 τινες
347 1399 395 1467 την
408 1391 514 1503 ἄκραν
511 1399 560 1453 τοῦ
587 1400 762 1500 συγμρριφέως
774 1391 844 1452 εἶναι

80 1478 203 1553 δύναμιν,
232 1480 381 1552 διελόμενος
406 1481 453 1538 καί
466 1480 569 1551 ταύτην
584 1481 685 1583 διχῆ
655 1502 703 1550 την
716 1481 842 1555 θεωρίαν,

78 1566 112 1626 εις
126 1569 196 1622 τετδ
213 1567 508 1671 πραχματικδνμέρρς,
535 1564 582 1624 καί
604 1563 640 1631 εἷς
666 1568 696 1621 τδ
711 1567 842 1633 λεκτικὸν,

78 1649 235 1727 χωρίςῦπίρ
260 1655 387 1726 ἑκατέρου
414 1652 734 1753 πσιησσμαιτδνλόχσν·
750 1648 842 1754 αρξσί-

78 1755 155 1798 αενσς
169 1733 224 1790 οίπὸ
239 1738 287 1791 τοῦ
301 1740 501 1810 πραγματικοῦ
528 1741 556 1792 έν
568 1724 589 1810 ᾧ
602 1736 710 1841 πρώτην
723 1736 771 1807 μέν
787 1733 843 1806 ἔχοι

78 1838 176 1893 μοιραν
189 1843 205 1887 η
224 1820 273 1871 τῶν
291 1821 489 1888 ἐνθυμημάτων
503 1840 530 1874 τε
543 1820 589 1876 και
603 1823 743 1892 νοημάτων
769 1815 843 1894 εὕρε-

78 1924 127 1972 σις,
154 1902 280 1974 δευτέραν
310 1898 607 1975 δέὴτῶνεῦρεθέντωι
620 1906 727 1978 χρῆσις·
756 1904 842 1973 ἐκείνη

78 1989 125 2058 μὲν
150 1990 178 2041 ἐν
203 1987 236 2060 τῇ
257 1983 336 2056 φύσει
356 1986 460 2056 μᾶλλον
487 1986 584 2053 έχοσσα
607 1987 655 2055 τὴν
670 1984 756 2054 ἶσχδν,
772 1981 842 2056 αὕτη

78 2073 107 2128 δὲ
132 2075 160 2126 έν
186 2071 317 2145 τῇτέχνῃ.
346 2069 446 2124 τούτων
468 2064 484 2138 ἦ
509 2070 558 2141 μέν
582 2072 662 2126 πλέον
680 2068 778 2138 έχουσα
793 2070 841 2125 τοῦ

78 2159 197 2226 τεχνικοῦ
212 2158 243 2212 τό
258 2156 387 2226 φυσικὸν,
410 2153 455 2210 καὶ
469 2153 579 2225 διδαχῆς
592 2154 732 2218 ἐλάττονος
745 2151 839 2223 δεομέ-

78 2263 118 2310 νη,
134 2242 281 2314 θαυμαστή
295 2261 334 2303 τις
346 2237 402 2295 ἐστί
428 2239 503 2314 παριί
517 2239 552 2314 τῷ
579 2240 744 2312 συγγραφεῖ·
768 2240 842 2312 φέρει

78 2328 139 2400 μιίρ,
154 2321 242 2402 ὥσπερ
256 2330 286 2382 ἐκ
312 2327 398 2398 πηγῆς
425 2324 561 2392 πλουσίας,
589 2319 701 2398 ἄπειρόν
714 2343 739 2377 τι
749 2324 842 2394 χρῆμα

78 2411 219 2482 νοημάτων
231 2409 278 2467 καὶ
291 2410 490 2482 ἐνθυμημάτων
503 2411 631 2483 περιττῶν
646 2406 691 2463 καί
704 2408 782 2471 ξένων
795 2404 842 2463 καί

78 2495 246 2569 παραδόξων.
269 2490 329 2566 ηδέ
344 2493 476 2551 πλεῖον
462 2513 562 2566 ιχσυσα
589 2495 621 2551 τὸ
648 2495 792 2561 τεχνικσν
803 2513 855 2544 ται

78 2582 261 2677 λαμπροτέραν
272 2582 395 2639 ποιαυσα
408 2583 622 2658 φαίνεσθαι
592 2603 644 2654 την
659 2580 783 2682 ὶτέραν,
783 2571 880 2626 ἒνδὶῑ·

78 2662 395 2733 '‘fawwmwcfn?
427 2674 555 2733 πολλῶν.
587 2664 659 2730 ὅσοι
689 2685 739 2742 μιν
756 2646 810 2714 σου
828 2654 910 2703 ‘mt-
