1950 2954
156 204 190 258 98
337 196 498 250 DIONYSII
522 196 772 247 HALICARNASS.

158 303 237 373 ,find
252 304 300 358 κού
314 304 414 360 ἑαυτῶν
428 300 625 376 στρατοπέδου,
651 298 737 366 ιύθύς
751 298 846 356 ἔπλεον
860 301 928 375 πρός

158 390 210 456 ,,τό
224 389 323 462 ζεύγμα
342 388 391 443 τού
414 388 530 458 λιμένος·
554 385 601 441 καί
627 388 675 443 τόν
703 384 929 459 παραλειφθέντα

159 474 325 541 ,διέκπλουν
338 470 499 543 βουλόμενοι
509 471 665 542 βιάσασθαι
680 473 705 535 ἐς
716 471 747 525 τό
760 468 816 531 ἔξω.
830 472 928 540 προεξι

160 557 347 627 ,,αναγόμενοι
365 553 394 609 όέ
411 552 439 609 οἶ
452 553 639 628 Συρακούσιοι
664 553 712 610 καὶ
739 551 766 609 σί
792 552 929 624 ξύμμαχοι

159 639 260 709 ,ναυσὶ
280 637 480 714 παραπλησίαις
499 639 547 694 τόν
568 635 708 713 οἷριθμόν,
735 636 928 711 καὶπρότερον

161 723 251 792 ,κατά
264 742 291 778 τε
305 724 350 777 τόν
369 721 492 787 έκπλουν,
507 725 580 797 μέρει
595 717 683 777 αύτῶν
696 720 862 794 ἐφύλασσον,
884 719 929 775 καλ

161 809 311 876 ,μάταιόν
325 802 407 863 άλλον
430 806 518 879 κύκλῳ
531 802 668 879 λιμένα,”
651 826 723 871 οπως
751 806 929 873 πανταχόθεν

160 888 236 966 ,ἅμα
262 893 459 966 προσπίπτοιεν
486 894 542 955 τοῖς
562 888 733 991 Ἀθηναίοις·
757 911 804 945 και
795 886 929 955 όπεζός

161 972 273 1050 ,αύτοίς
299 971 356 1046 ἅμα
380 975 560 1050 παρεβοήθει,
587 997 656 1050 ηπερ
669 974 717 1030 και
731 996 760 1030 αι
775 993 845 1047 νηες
850 975 928 1028 κατέ

161 1068 278 1130 ,,σχιίιεν.
301 1080 384 1135 ηρχον
405 1060 434 1115 όέ
447 1062 497 1115 τού
511 1062 642 1114 ναυτικοῦ
656 1063 713 1123 τοῖς
725 1059 928 1132 Συρακουσίοις

160 1146 300 1219 ,Σικανὸς
312 1145 360 1216 μέν
373 1164 419 1200 και
410 1139 612 1215 Ἀγάθαρχος,
642 1146 719 1216 κέρας
741 1145 866 1215 ἑκάτερος
878 1145 926 1197 τοῦ

161 1227 309 1300 „nands”
294 1247 372 1295 εχων,
401 1229 506 1296 Πυθὴν
521 1227 549 1282 όέ
562 1228 608 1282 καί
621 1227 649 1282 οί
674 1230 824 1301 Κορίνθιοι
839 1229 870 1282 τό
883 1228 927 1297 μί-

161 1332 239 1385 ,,σον.
261 1311 352 1380 έπειύὴ
366 1311 413 1368 καὶ
427 1311 454 1368 οἱ
480 1307 556 1367 ἄλλοι
579 1306 720 1380 Ἀθηναῖοι
745 1313 927 1385 προσέμισγον

162 1394 218 1469 ,τῶ
236 1395 374 1469 ζεύγματι,
399 1396 433 1469 τῇ
458 1397 507 1467 μέν
533 1396 626 1470 πρώτῃ
652 1397 723 1470 ῥύμῃ
750 1397 925 1457 ἐπιπλέοντες,

161 1481 310 1553 ,ἐκράτουν
334 1482 385 1535 τῶν
411 1482 574 1554 τεταγμένων
600 1481 664 1535 νεῶν
684 1483 751 1551 πρὸς
765 1476 856 1553 αύτῷ,
881 1476 925 1535 καλ

160 1565 321 1635 ,ἐπειρῶντο
336 1563 409 1619 λύειν
421 1565 469 1627 τάς
484 1563 606 1628 κλείσεις·
628 1567 694 1635 μετά
710 1563 738 1618 όὲ
752 1567 845 1630 τούτο,
862 1583 925 1619 παν·

162 1648 300 1715 ,,ταχόθεν
319 1648 396 1716 σφίσι
422 1650 472 1702 τῶν
489 1647 685 1722 Συρακουσίων
700 1647 746 1702 καί
760 1651 811 1703 τῶν
824 1651 924 1719 ξυμμό·

160 1751 239 1799 ,,χων
252 1732 468 1803 ἐπιφερομένων,
494 1751 529 1786 ου
519 1727 628 1834 ’μόνον
642 1735 748 1804 πρός
720 1754 755 1786 τω
746 1727 923 1805 ζεύγματι
910 1753 924 1800 ι]

162 1816 327 1916 ,,ναυμαχία,
343 1812 410 1871 ἄλλά
425 1814 470 1870 καὶ
484 1837 552 1872 κατα
547 1818 614 1872 Ιτόν
627 1820 746 1889 λιμένα’
733 1820 868 1890 εγίγνετο·
883 1814 925 1870 καί

160 1887 217 1967 ,ἦν
229 1901 352 2001 καρτερά,
368 1899 413 1954 και
429 1899 473 1955 οία
488 1896 538 1970 ούχ
550 1902 625 1975 ἑτέρα
641 1904 692 1956 τῶν
706 1903 847 1975 πρότερον.
864 1902 925 1955 πολ·

162 1986 214 2054 ,λὴ
225 1986 274 2087 μὲν
293 1985 345 2059 γάρ
370 1986 503 2059 ἑκατέροις
515 1985 692 2059 προθυμία’
673 1988 728 2042 από
743 2007 794 2039 τιον
822 1987 924 2040 ναυτῶν

161 2069 250 2134 ,,ές
222 2089 253 2122 το
267 2069 394 2134 ἐπιπλεῖν,
410 2069 490 2124 όπόιε
503 2070 670 2139 κελευσθείη,
685 2072 812 2142 ἐγίγνετο,
842 2070 924 2135 πολλοὶ

162 2147 213 2220 ,β’
229 2148 245 2220 ἡ
260 2150 437 2222 άντιτέχνησις
451 2154 499 2207 τῶν
515 2155 698 2227 κυβερνητῶν,
716 2153 760 2210 καί
775 2152 925 2229 οἷγωνισμός

162 2239 249 2309 ,πρὸς
263 2235 398 2304 άλλήλους.
432 2236 460 2291 σί
478 2258 504 2291 τε
522 2239 652 2310 ἐπιβάται
675 2238 859 2312 ἐθεράπευον,
883 2233 925 2293 ὅτε

162 2323 329 2391 ,προσπέσοι
343 2322 409 2385 ναύς
423 2320 481 2392 νηῒ,
500 2323 537 2391 μή
563 2321 707 2379 λείπεσθαι
733 2324 767 2377 τά
792 2320 849 2378 άπό
877 2326 924 2377 τού

163 2404 409 2476 ,καταστρώματος
427 2407 474 2472 τῆς
487 2400 566 2474 ῶλλης
580 2410 681 2478 τέχνης·
695 2408 747 2472 πῶς
760 2410 788 2462 τέ
802 2427 850 2473 τις,
866 2392 925 2479 ἐνᾷ

164 2493 395 2559 ,,προσετέτακτο,
423 2483 551 2554 αύτός“
535 2510 645 2551 εκαστος
669 2489 795 2566 ἠπείγετο
823 2492 926 2565 πρῶτος

164 2571 346 2639 ,φαίνεσθαι
381 2575 573 2674 ξυμπεσουσῶν
602 2569 629 2627 δ’
660 2579 688 2629 εν
712 2572 794 2650 όλίγῳ
821 2576 926 2630 πολλῶν

156 2654 259 2723 ,,νεῶν
277 2657 447 2713 πλεῖσται
417 2678 468 2731 γαρ
480 2645 561 2725 δὴ
526 2677 607 2712 αυτοιι
621 2663 648 2714 ἐν
662 2660 787 2732 ελαχίστῳ
800 2662 925 2727 ἐναυμά-
