1950 2954
145 180 193 230 DE
216 181 366 232 THVCYD.
384 181 524 231 HISTOR.
541 182 713 234 IVDICIVM.
792 188 824 242 95

10 300 14 307 ·
58 307 118 350 των,
132 286 162 339 τό
177 287 261 359 τραχὺ
275 290 320 355 τῆς
346 285 485 360 ἁρμονίας,
510 288 540 341 τό
568 289 646 355 τάχος
660 288 711 341 τῶν
724 293 823 358 σχημά-

58 390 119 426 των.
138 369 267 442 χρώματα
295 367 324 424 δ’
352 366 443 442 αὐτῆς,
470 372 501 425 τό
519 391 546 426 τι
561 373 707 443 στρυφνόν,
734 369 778 424 καί
793 373 824 425 τό

58 455 175 516 πυκνόν,
203 454 249 509 καί
263 455 293 508 τό
306 456 410 525 πικρόν,
439 454 530 510 καὶτδ
558 450 704 530 αὐστηρόν,
733 453 823 508 καὶτὸ

57 539 199 611 ἐμβριθὲς,
228 536 318 594 καὶτό
345 538 448 605 δεινόν,
476 537 522 594 καί
547 540 578 593 τό
603 539 737 612 φοβερόν·
758 537 824 610 ὑπὲρ

57 617 166 676 ἅπαντα
182 621 311 676 δὲταῦτα
337 627 367 678 τό
395 624 562 690 παθητικόν.
591 641 713 685 τοιουτος
726 642 776 695 μεν
791 620 823 690 δη

56 707 96 768 τίς
108 705 209 760 ἐστιν“
194 727 208 760 ο
226 704 393 806 Θουκυδίδης
421 708 490 761 κατά
515 707 607 761 τόν”
575 727 621 775 της
634 708 721 770 λέξεως
731 727 819 806 γαρα·

56 792 179 862 κεῆρα,
166 810 185 840 ω
200 791 273 861 παρά
287 790 349 852 τούς
363 785 459 852 σίλλους
474 785 649 864 διήνεγκεν.
632 810 698 844 οταν
710 790 759 860 μὲν
773 777 823 843 σίν

55 869 114 941 ἥτε
141 873 297 975 πρραίρεσις
324 868 412 928 αὐτοῦ
427 872 473 927 και
486 896 502 942 η
492 870 630 942 δύναμις
643 872 822 946 συνικδράμη,

57 958 141 1011 τέλεια
157 957 260 1028 γίνεται
274 957 475 1030 κατορθώματα
489 976 535 1010 και
526 951 734 1027 Μ’δαιμόνια·
718 976 785 1009 οταν
799 951 822 1008 δ’

56 1041 161 1114 ἐλλείπῃ
176 1042 206 1095 τό
228 1043 273 1108 τῆς
297 1039 444 1110 δυνάμεως,
471 1035 504 1096 οὗ
519 1039 734 1113 παραμείναντος
746 1041 823 1111 μέχρι

57 1127 166 1180 πάντων
195 1145 244 1179 του
229 1126 341 1179 τόνου
367 1117 457 1179 διάτδ
484 1144 563 1193 ταχος
576 1145 621 1191 της
648 1122 822 1197 άπαγγελίας,

59 1208 167 1277 σἰσαφίης
190 1229 217 1263 τε
230 1231 246 1277 η
236 1204 324 1272 λέξις
333 1209 447 1309 γίνεται,
463 1231 510 1264 και
501 1203 604 1271 άλλας
618 1209 691 1269 τινάς
703 1210 823 1280 ἐπιφέρει
842 1208 845 1218 “

57 1295 139 1395 κῆρας
154 1289 204 1346 οὗκ
219 1288 366 1364 εὐπρεπεῖς.
393 1295 423 1347 τδ
436 1295 489 1365 γάρ
502 1297 530 1347 ἐν
543 1315 561 1364 ῳ
548 1278 619 1346 δεῖ
630 1292 702 1363 τόπῳ
714 1312 747 1345 τα
742 1293 823 1353 ’ξένα

56 1375 102 1430 καί
117 1378 283 1448 πεποιημένα
308 1379 453 1448 λέγεσθαι,
481 1376 527 1431 καὶ
535 1378 624 1477 μέχρι
650 1376 740 1431 πόσου
756 1395 823 1447 προ-

57 1446 175 1515 ελθόντα
187 1461 355 1526 πεπαυσθαι,
384 1457 453 1517 καλά
466 1460 512 1516 καῖ
526 1456 662 1533 οῖναγκαῖα
676 1459 822 1532 θεωρήμα-

56 1545 228 1599 ταένπάσιν
252 1543 317 1600 όντα
342 1548 398 1606 τοῖς
424 1544 518 1620 ἔργοις,
546 1563 579 1598 ον
570 1538 640 1599 ’διά
661 1546 749 1612 πάσης
776 1544 822 1609 τῆς

58 1629 178 1704 ἱστορίας
191 1631 326 1698 φυλάττει.

123 1713 171 1770 25.
197 1717 403 1786 Προειρημὲνων
417 1711 445 1766 δὲ
454 1711 557 1767 τούτων
570 1710 766 1784 κεφαλαιωδῶς,
778 1709 823 1764 επῖ

59 1789 108 1856 τάς
122 1791 268 1857 ἀποδείξεις
287 1791 375 1849 αὐτῶν
404 1790 460 1868 ὥρα
489 1797 652 1867 τρέπεσθαι·
674 1794 822 1864 ποιήσομαι

59 1875 87 1932 δ’
106 1872 139 1930 οὗ
150 1875 229 1950 χωρὶς
244 1875 309 1948 ὑπὲρ
324 1879 434 1944 ἑκάστης
448 1875 520 1938 ἲδὲας
533 1880 581 1932 τόν
596 1879 684 1949 λόγον,
700 1876 822 1930 ὑποτάτ-

57 1981 110 2016 των
124 1956 217 2024 αιῖταῖς
228 1960 276 2028 τὴν
290 1957 461 2014 Θουκυδίδου
478 1961 555 2030 λέξιν,
571 1956 637 2014 άλλά
650 1953 719 2012 κατά
732 1978 822 2030 περισ-

57 2047 105 2112 χάς
119 2065 191 2106 τινας
205 2042 251 2098 καὶ
265 2045 371 2108 τόπους,
386 2044 451 2115 μέρη
466 2043 611 2113 λαμβάνων
626 2045 672 2110 τῆς
684 2060 711 2093 τε
726 2039 823 2114 διηγη-

58 2150 122 2192 οεως
147 2127 193 2183 καί
218 2129 269 2182 τῶν
294 2127 452 2200 ῥητορειῶν,
480 2124 526 2181 καῖ
552 2121 714 2199 παρατιθείς
727 2125 783 2187 τοῖς
796 2144 824 2178 τε

58 2215 256 2286 πραγματικοῖς
274 2208 320 2265 καῖ
339 2213 394 2273 τοῖς
417 2212 546 2271 λεκτικοῖς
572 2202 824 2282 κατορθώμασιν,ἢ

57 2297 242 2371 ἁμαρτήμασι,
268 2290 315 2358 τάς
328 2292 426 2368 αἰτίας,
441 2289 477 2348 δι’
490 2287 522 2356 οῖς
537 2293 649 2347 τοιαῦτά
663 2295 733 2346 ἐστι·
759 2289 823 2356 δεη-

57 2381 118 2445 θείς
130 2399 181 2435 σου
195 2381 281 2446 πάλιν,
311 2377 357 2432 καί
369 2380 420 2431 τῶν
446 2374 532 2433 α”λλων
543 2376 702 2450 φιλολόγων,
717 2374 809 2428 τῶνν
782 2375 823 2427 ἐν·

56 2467 217 2535 τευξομίνων
231 2462 264 2536 τῆ
276 2462 386 2537 γραφῆ,
402 2463 432 2516 τό
447 2461 573 2533 βούλημά
585 2479 641 2534 μου
656 2461 701 2528 τῆς
716 2455 822 2513 ὑποθέ-

57 2569 128 2617 σεως,
149 2571 179 2615 ης
192 2544 358 2624 προῆρημαι,
384 2548 500 2611 σκοπεῖν,
530 2539 573 2600 ὅτι
586 2544 779 2621 γαρακτῆρός’
767 2561 822 2596 εστι

58 2632 103 2699 δηλ
106 2653 187 2699 ωσις,
219 2628 328 2688 ἅπαντα
353 2633 540 2707 περιειληφυῖα
568 2626 601 2686 τά
632 2625 823 2702 συμβεβηκότα
