1950 2954
134 200 184 258 124
298 195 460 248 DIONYSII
477 195 733 248 HALICARNASS.

133 305 238 378 γράφει,
252 304 356 372 μαθεῖν
373 297 486 378 ῥηίδιον·
511 297 553 357 ὅτι
566 304 634 375 μετοί
647 303 696 372 τη“ν
711 304 740 357 ίν
751 295 910 376 Ἀμφιπόλει

134 390 298 461 στρατηγίαν
311 385 450 452 ἐξελαθείς
463 389 509 456 τῆς
522 387 664 460 πατρίδος,
687 387 776 442 ποίντα
790 389 840 444 τόν
854 392 910 445 λοι-

134 474 185 527 ιτόν
198 475 248 528 τοῦ
268 474 396 540 πολέμου
412 472 513 542 χρόνον
533 474 562 524 ἐν
584 465 680 546 Θρηίκη
700 470 829 547 διέτριψε.
858 474 910 529 λεί·

138 576 217 610 πεται
231 556 263 624 δή
277 557 398 626 σκοπεῖν,
420 553 443 610 εί
456 557 513 618 τοίς
526 575 553 609 τε
566 557 709 628 πράγμασι
723 558 909 631 προσήκοντα,

137 638 184 694 καί
196 642 253 702 τοῖς
265 640 482 706 συνεληλυθόσιν
495 635 530 702 είς
543 641 591 694 τόν
604 639 737 708 σίιλλογον
751 641 910 716 προσώποις

137 721 309 826 ἁρμόττοντα
322 725 440 778 πέπλακε
455 722 583 797 διοίλογον
596 724 729 796 ἐχόμενος,
749 721 784 788 ὦς
797 723 909 798 ἔγγιστα

136 809 183 873 τῆς
196 806 340 878 συμπάσης
353 806 460 880 γνώμης
473 810 525 860 τῶν
551 806 661 874 ιίληθῶς
686 807 893 876 λεχθέντων,
874 830 909 874 ας

136 887 245 954 αὐτός’
233 911 260 943 εν
274 888 311 962 τῷ
325 891 457 965 προοιμίῳ
471 891 516 957 τῆς
536 887 656 991 ἱστορίας
669 881 882 965 προείρηκεν.
865 887 907 970 αρ

139 966 196 1039 οίιν,
226 994 313 1047 ωσπερ
326 993 384 1036 τοις
396 974 518 1043 Μηλιοις
544 971 639 1029 οίκείοι
666 973 909 1049 καίπροσήκοντες

137 1079 208 1126 ησαν
223 1058 249 1113 οἱ
262 1057 323 1132 περί
337 1061 383 1127 τῆς
400 1057 556 1131 ἐλευθερίας
576 1058 660 1130 λόγοι,
688 1062 908 1132 παρακαλουντες

137 1144 199 1206 τοίς
218 1137 377 1210 Ἀθηναίους
388 1163 427 1214 μη
418 1141 685 1200 καταδουλοῦσθαι
698 1144 778 1199 πόλιν
789 1139 907 1215 Ἑλληνί·

138 1227 172 1281 δα
186 1224 296 1298 μηδέν’
281 1228 496 1299 αμαρτοίνουσαν
509 1223 545 1291 είς
557 1221 671 1292 αὖτοίιε,
691 1247 776 1291 ουτος
789 1228 908 1293 καὶτοῖς

135 1305 287 1379 Ἀθηναίων
302 1313 464 1414 στρατηγοῖς
482 1313 627 1386 πρέποντες
643 1332 713 1379 ησακ
726 1310 753 1367 οἱ
774 1313 838 1390 περί
854 1315 906 1369 τῶν

126 1394 257 1462 δικαίων,
284 1389 343 1466 μήτ’
365 1395 489 1460 ἐξετάζειν
514 1397 614 1462 ίῶντες,
642 1397 707 1468 μήτε
720 1398 813 1469 λέγειν,
837 1396 905 1454 ἄλλό

137 1481 184 1532 τόν
199 1482 244 1548 τῆς
256 1479 319 1552 βίας
333 1477 378 1533 καί
401 1480 552 1544 πλεονεξίας
568 1478 694 1552 νόμον’
672 1481 838 1554 εισσίγοντες,
860 1481 905 1538 καί

137 1564 203 1617 ταίιτ
203 1558 295 1617 ἐίναι
321 1562 413 1617 δίκαια
442 1565 497 1629 τοῖς
524 1560 714 1623 οἷσθενεησιν
696 1565 904 1636 αποφαίνοντες,

138 1643 191 1700 ὅσα
206 1650 261 1708 τοῖς
274 1644 453 1721 ἰσχυροτέροις
469 1647 544 1703 δοκεῖ
550 1676 561 1716 ,·
583 1646 634 1723 ἐγὼ
647 1648 695 1721 μέν
709 1652 762 1722 γὰρ
782 1646 831 1705 οὖν
846 1655 905 1709 οἴο-

137 1751 199 1795 ααι,
225 1733 280 1793 τοῖς
293 1734 321 1784 su
335 1734 380 1799 τῆς
405 1726 590 1804 εὔνομωτιίτης
615 1735 714 1798 πόλεως
741 1733 786 1789 ἐπί
798 1737 846 1804 τιίς
858 1736 906 1800 ἔξω

137 1816 227 1877 πόλεις
252 1811 495 1888 ἀποστελλομένοις
521 1813 633 1890 ἡγεμόσι
659 1819 745 1873 ταῦτα
760 1820 908 1893 προσήκειν

138 1900 280 1971 λέγεσθαι·
313 1894 375 1954 οὔδ’
396 1897 431 1954 τίν
444 1898 586 1974 σίξιώσαιμι
605 1902 667 1967 τούς
679 1901 727 1974 μέν
739 1906 906 1978 μικροπολί-

136 2004 185 2047 τας
198 1982 245 2037 καί
257 1984 433 2058 μηδέν’έργον
446 1986 574 2057 ἐπιφανές
592 1983 819 2057 ἀποδειξαμένους
835 1998 907 2058 Μη-

138 2068 222 2132 λίους,
247 2068 344 2123 πλέονα
364 2073 412 2124 τοῦ
439 2072 523 2127 καλοῦ
549 2074 693 2127 ποιεῖσθαι
719 2072 860 2144 πρόνοιαν,
888 2070 906 2141 ἢ

138 2153 188 2204 τοῦ
203 2150 352 2222 σίσφαλοῦς,
378 2152 425 2210 καὶ
450 2157 540 2210 πάντα
560 2155 684 2227 ἑτοίμους
700 2150 768 2210 εἶναι
782 2158 817 2210 τοί
831 2158 905 2213 δεινοί

138 2232 294 2309 ὑποφέρειν,
317 2239 361 2291 ἵνα
374 2238 458 2309 μηδὲν
470 2234 591 2310 ἄσχημον
606 2235 804 2311 ἅναγκασθῶσι
819 2243 905 2314 πρότ-

138 2338 206 2372 τειν·
233 2321 295 2383 τούς
313 2320 341 2374 δέ
363 2325 556 2395 προελομένους
575 2323 623 2392 την
643 2345 670 2379 τε
688 2326 779 2397 χώραν
792 2325 839 2381 καί
856 2330 906 2394 την

138 2403 217 2455 πόλιν
230 2407 345 2460 ἐκλιπεῖν
356 2408 424 2463 κατιί
437 2410 484 2463 τόν
497 2409 634 2481 Περσικόν
646 2410 763 2481 πόλεμον
774 2403 906 2479 Ἀθηναί-

137 2502 192 2553 ους,
213 2485 257 2541 ίνα
269 2488 353 2560 μηδὲν
367 2488 506 2566 αἰσχρόν
493 2493 672 2564 υπομείνωσιν
684 2493 831 2567 ἐπίταγ,μα
853 2497 907 2550 τῶν

127 2592 220 2630 ταυτα
234 2577 462 2655 προαιρουμενσιν
478 2575 513 2640 ὣς
526 2595 643 2642 ανσητσυ
657 2582 823 2644 κατηγορεῖν
843 2581 916 2633 οἷ’-ο.

115 2657 248 2741 μηδ’,
278 2658 345 2739 ὅτι,
372 2664 430 2724 κᾶν
452 2668 475 2722 εί
491 2682 563 2724 τινες
575 2653 670 2724 affl}
691 2652 848 2721 12quva
856 2659 927 2714 Μ
