1950 2954
149 168 197 216 DE
208 168 331 217 ADMIR.
341 166 378 217 VI
389 165 538 216 DICENDI
548 166 586 217 IN
597 166 781 218 DEMOSTH.
816 173 866 227 185

98 274 149 325 ιιῖιν
163 272 311 327 σπονδείων
326 268 495 345 αὔλημάτων,
522 266 540 338 ἢ
564 271 616 326 τῶν
642 271 743 344 δωρῖων
770 292 797 327 τε
820 271 866 327 καλ

99 354 234 428 ἁρμονίων
245 358 342 433 μερῶν,
356 352 531 432 άκροάμενοι.
546 350 612 411 ὅταν
626 354 653 409 δὲ
668 360 866 424 Δημοσθένους

98 442 160 494 τινά
174 441 246 512 λάβω
259 443 354 517 λόγων,
380 443 517 498 ἐνθουσιῶ
532 459 573 505 τε,
602 440 647 495 καὶ
664 439 744 516 δεῦρο
758 436 865 515 κη’κεῖσε

99 522 209 595 ἄγομαι,
252 528 346 590 πάθος
372 524 461 600 ἕτερον
485 526 616 598 ἒξὲτέρον
640 527 863 598 μεταλαμβάνων,

98 607 232 673 άιιιστῶν,
260 608 395 683 άγωνιῶν,
425 609 524 681 δεδιὼς,
551 611 746 682 καταφρονῶν,
771 612 863 681 μισῶν,

97 695 184 767 ἐλεῶν,
211 688 321 766 εὐνοῶν,
348 691 525 768 ὀργιζόμενος,
551 696 682 767 φθονῶν,
709 693 818 750 ἅπαντα
831 694 865 748 τά

97 779 176 847 πάθη
207 779 436 852 μεταλαμβάνων,
469 773 523 833 ὅσα
550 782 656 850 κρατεῖν
688 777 865 849 ἀνθρωπίνης

96 861 215 933 γνώμης·
249 862 386 936 διαφέρειν
403 858 425 918 τ’
446 858 525 917 οὐδὲν
548 860 657 933 ἐμαυτῷ
676 860 745 917 δοκῶ
763 863 814 916 τῶν
833 863 865 916 τά

95 945 203 1018 μητρῷα
223 945 268 1002 καλ
286 948 319 1002 τά
340 948 539 1020 κορυβαντικά,
568 945 614 1001 καὶ
629 939 681 1000 ὅσα
696 944 801 1008 τούτοις
815 966 865 998 πα-

98 1032 236 1103 ραπλήσιά
249 1035 316 1098 ἐστι,
344 1032 519 1104 τελουμένων·
547 1023 592 1084 εἴτ’
607 1025 703 1100 σ’σμαῖς
717 1030 814 1084 ἐκεῖνοί
826 1051 864 1102 γε,

97 1109 142 1168 εἴτ’
157 1110 244 1187 ἤχοις,
270 1119 320 1173 εἴτε
333 1119 385 1172 τῶν
401 1115 536 1187 δαιμόνων
548 1113 679 1184 πνεύματι
691 1109 763 1187 αὐτῷ
777 1113 864 1167 κινού-

96 1219 185 1269 μενοι,
212 1202 259 1266 τάς
271 1201 373 1264 πολλάς
388 1200 434 1256 καὶ
445 1199 568 1260 ποικλλας
580 1200 676 1252 ἐκεῖνοι
690 1198 865 1270 λαμβάνουσι

96 1284 259 1351 φαντασίας.
289 1306 335 1340 και
325 1284 381 1354 δι’]
395 1305 460 1341 ποτε
474 1304 520 1337 και
512 1281 732 1355 ἐνεθυμήθην,
759 1281 786 1335 τό
799 1301 865 1339 ποτε

98 1367 161 1429 τοὺς
185 1363 240 1422 τότ
269 1365 468 1469 άνθρώπους’
450 1367 600 1428 ακσύσντας
627 1361 712 1420 αὐτοῦ
739 1369 864 1440 λέγονται

98 1451 196 1522 ταῦτα,
224 1454 337 1523 πασχειν
349 1454 416 1517 εικος
429 1472 470 1518 ην
503 1447 575 1507 σπου
587 1471 640 1525 γαρ
655 1471 743 1523 ημεις,
770 1448 797 1505 οἱ
816 1473 864 1505 το-

98 1555 198 1591 σοοισν
213 1534 397 1611 άιτηρτημὲνσι
415 1539 472 1600 τοῖς
488 1537 612 1611 χρόνοις,
641 1556 687 1589 και
678 1529 785 1591 συθ-ἑν
799 1537 865 1610 τιρόι

97 1621 130 1673 τά
145 1622 292 1696 πράγματα
318 1622 497 1688 πεπονθότες,
521 1614 606 1684 οὕτως
635 1616 799 1693 ὑπαγόμεθα
819 1619 863 1675 καὶ

98 1704 284 1776 κρατούμεθα,
312 1708 357 1763 καὶ
385 1701 450 1763 ὅσοι
470 1701 530 1761 ποτ’
549 1701 582 1759 άι
598 1699 693 1775 ἦμάιό
707 1705 785 1779 λόγος
797 1700 864 1778 άγη,

98 1789 288 1860 πορευόμεθα·
316 1793 370 1891 πάξ
396 1793 457 1845 τότε
481 1785 621 1855 Ἀθηναῖοί
642 1807 667 1841 τε
681 1788 726 1843 καλ
741 1787 767 1842 οἶ
788 1784 863 1842 άλλοι

95 1865 249 1940 ''Eume''
232 1892 330 1945 ηγοντσ
351 1871 403 1926 ὖιτό
419 1892 467 1926 τσυ
452 1870 604 1943 άνδρός’
592 1868 637 1924 επὶ
655 1872 706 1923 τῶν
723 1868 862 1938 άληθινιῖνκ

98 1976 127 2010 τε
142 1977 187 2010 και
178 1952 308 2010 ιδιινν
291 1976 411 2026 αγωνισν
445 1950 529 2009 αὐτοῦ
556 1956 678 2024 λέγοντος
704 1955 807 2007 ἐκείνου
831 1957 866 2007 τά

98 2043 197 2096 ἑαιτσῖι
212 2042 332 2112 μετάτῆς
346 2035 482 2108 άξιόισεως,
495 2058 524 2103 ης
539 2031 633 2104 εληε
603 2055 651 2103 την
665 2031 863 2102 αὐτοπάθειαι,
927 2038 933 2049 ’

98 2125 145 2179 καὶ
160 2127 190 2180 τὸ
205 2127 369 2199 παράστημα
383 2144 428 2191 της
444 2126 530 2194 ιγνχης
544 2117 788 2190 ἀποδεικνυμένου,
814 2142 863 2174 κο-

99 2212 234 2281 σμοῖιντος
250 2205 359 2263 ἅπαντα
385 2206 432 2262 καὶ
454 2207 663 2309 χρηματίζοντος
676 2203 709 2276 τῇ
721 2201 864 2278 πριιισὺση

99 2291 247 2367 ὑποκρίσει,
262 2313 291 2361 ης
306 2287 485 2354 δεινότατσς’
467 2291 583 2389 ασκηιης
596 2290 708 2357 εγὲνετο,
730 2286 762 2347 ὡς
778 2282 863 2341 άπαν-

98 2380 139 2441 τές
151 2398 178 2432 τε
181 2379 371 2476 ὁμολογοῦσι,
398 2375 443 2431 καὶ
461 2378 487 2437 ἐξ
503 2371 590 2429 αὐτῶν
604 2369 701 2426 ἲδεῖνέ
689 2376 744 2426 ἐστι
756 2374 808 2426 τῶν
822 2374 863 2426 λό

97 2483 160 2534 γων,
174 2482 209 2516 ων
223 2483 284 2534 αρτι
311 2461 523 2536 προηνεγκάμην,
553 2452 600 2522 οὓς
627 2449 778 2526 σάκε’νιτρλ
796 2459 863 2530 βου·

100 2549 224 2623 λσμὲνηι’
211 2567 239 2602 εν
252 2543 368 2619 ηδσνη“
351 2567 384 2608 ως
399 2542 545 2616 άνάγνωμα
559 2541 691 2607 διελθεῖν,
719 2536 773 2597 ἀλλ’
786 2538 872 2596 αυτοὶ

101 2629 272 2698 διδάσκουσι,
299 2651 356 2695 πως
383 2625 485 2698 αὐτοὺς
512 2627 728 2708 υποκρλιεσθαι
751 2625 820 2691 δεῖ,
840 2637 895 2669 W
