1950 2954
149 186 196 234 DE
207 183 331 235 ADMIR.
342 186 380 235 Π
389 185 537 236 DICENDI
547 187 585 237 IN
595 186 779 237 DEMOSTH.
814 190 861 246 171

104 292 163 344 τόν·
193 287 218 344 σί
232 290 367 354 συνιόντες
393 286 429 353 είς
447 292 494 355 τάς
519 292 657 358 ἐκκλησίας
672 291 715 345 καί
731 292 763 344 τά
787 289 865 346 δικα-

101 374 198 444 στήρια
212 373 258 428 καί
272 374 334 436 τούς
347 369 446 439 ἄλλους
458 376 617 448 συλλόγους,
639 374 709 431 ἔνθα
724 377 866 430 πολιτικῶν

102 458 143 512 δεῖ
154 459 246 530 λόγων,
266 455 327 512 ούτε
341 456 424 514 δεινοί
437 459 483 515 καί
496 458 618 533 περιττοί
632 461 726 522 πάντες
739 456 803 524 εἶσί,
822 460 866 514 καί

101 544 148 596 τόν
165 540 339 598 Θουκυδίδου
354 547 420 598 νοῦν
434 543 547 616 ἔχοντες,
572 539 636 599 οὔθ’
652 540 768 606 ἅπαντες
787 539 863 598 ίδιῶ-

101 647 154 699 ται,
180 625 225 679 καί
239 629 406 696 κατασκευῆς
419 630 504 701 λόγων
518 629 648 698 γενναίων
659 624 781 703 άπιιροι·
808 621 862 682 ἄλλ’

100 709 189 779 οἱμὲν
212 706 267 763 άπὸ
285 712 427 784 γεωργίας·
459 709 485 766 σί
500 707 526 765 δ’
554 710 611 767 άπδ
630 715 863 786 θαλαττουργίας·

99 793 127 849 οἱ
143 789 170 847 δ’
188 790 242 848 άπὸ
257 795 308 848 τῶν
321 793 468 865 βαναύσων
480 796 575 862 τεχνῶν
588 797 808 871 συνερρυηκότες·
824 789 863 856 οἷς

99 876 285 951 ἁπλούστερον
310 877 356 933 καί
376 880 529 952 κοινότερον
543 876 735 952 διαλεγόμενος,
761 881 863 950 μάλλον

97 959 132 1018 άν
147 983 184 1026 τις
198 958 302 1036 άρέσαι.
330 965 359 1018 τὸ
373 964 427 1035 γάρ
440 959 549 1035 άκριβὲς
561 962 607 1018 καί
619 967 743 1037 περιττόν
756 964 803 1019 καί
820 967 863 1029 ξί·

98 1067 160 1119 νον,
187 1045 232 1101 καί
246 1047 315 1112 πάν,
343 1043 395 1107 δἐιΙ
414 1048 451 1120 μή
473 1047 590 1115 σύνηθες
608 1042 703 1112 αύτσῒς
714 1045 823 1103 άκούειν
837 1069 863 1102 τε

99 1129 144 1185 καὶ
158 1132 249 1202 λέγειν,
275 1127 389 1205 ὀχληρῶς
405 1129 563 1200 διατίθησιν
576 1125 688 1196 αύτούς·
715 1131 763 1188 καὶ
776 1127 863 1207 ὥσπερ

99 1237 124 1268 τι
137 1217 188 1268 τῶν
200 1217 272 1270 πάνυ
286 1212 405 1289 άνιαρῶν
416 1214 575 1288 ἐδεσμάτων,
590 1212 608 1285 ἢ
621 1219 719 1282 ποτῶν,
735 1215 862 1292 άποστρί·

98 1319 144 1367 σει
160 1298 219 1362 τούς
239 1296 400 1372 στόμάχους,
425 1295 508 1364 οὕτως
530 1303 618 1355 ίκείνα
637 1297 754 1374 ὀχληρῶς
774 1301 859 1357 διατί·

98 1386 166 1450 θησι
182 1384 227 1446 τάς
241 1379 336 1448 άκοιίς.
363 1382 390 1441 σί
405 1384 439 1453 δὲ,
466 1387 602 1441 πολιτικοί
615 1406 650 1450 τε,
671 1385 716 1440 καί
730 1380 777 1440 ἄπ’
793 1382 863 1460 άγο-

98 1467 146 1541 ράς
159 1465 205 1520 καὶ
220 1465 265 1521 διά
280 1471 323 1536 τῆς
337 1469 479 1540 ἐγκυκλίου
492 1468 617 1532 παιδείας
629 1473 797 1539 ἐληλυθότες·
824 1462 862 1534 οἷς

99 1546 148 1605 σύν
175 1550 212 1606 ἔνι
239 1553 287 1606 τόν
314 1547 406 1622 αύτδν,
433 1546 516 1628 ὀνιιιρ
542 1556 658 1626 ἐκείνοις,
687 1555 862 1628 διαλέγεσθαι

99 1636 212 1707 τρόπον,
241 1633 308 1692 άλλά
329 1636 369 1692 δεῖ
388 1639 435 1704 τήν
455 1639 651 1712 ἐγκατάσκευον
671 1636 716 1695 καί
736 1642 861 1714 περιττήν

102 1741 146 1771 και
138 1718 233 1785 ξένην
253 1719 388 1776 διάλεκτον
414 1722 519 1785 τούτοις
538 1726 713 1799 προσφέρειν.
741 1724 792 1780 είσί
813 1727 861 1796 μὲν

100 1790 150 1855 σύν
164 1803 225 1864 ίσως
239 1803 402 1866 ἐλάττους“
376 1824 403 1856 οι
422 1808 541 1861 τοιοῦτον
561 1809 612 1861 τῶν
630 1810 732 1881 ἐτέρων,
761 1810 860 1879 μάλλον

100 1885 127 1939 δὲ
142 1886 401 1940 πολλοστδνόκείνων
413 1889 506 1960 με’ρος
520 1907 565 1944 και
556 1887 859 1963 τουεοουθειςαγνοει

99 1969 132 2025 ού
146 1970 199 2041 μην
217 1971 454 2043 καταφρονεῖσθαί
465 1991 495 2043 γε
510 1968 555 2023 διά
567 1972 653 2027 τούτο
676 1969 754 2028 άὲιοι.
782 1974 799 2028 δ
812 1996 859 2042 μεν

98 2042 148 2110 σύν
161 2074 211 2108 των
225 2052 322 2126 ὀλίγων
336 2049 570 2108 καίεύπαιδιύτων
583 2057 774 2129 στοχαζόμενος
784 2060 861 2131 λόγος

99 2137 148 2194 οόκ
162 2137 237 2194 ἔσται
251 2136 287 2210 νηί
306 2136 400 2209 φαύλω
420 2160 465 2193 και
456 2135 589 2208 άμαθεῖ
607 2140 707 2207 πλήθει
725 2143 859 2204 πιθανός·

99 2245 113 2278 ο
105 2223 157 2277 ’δὲ
169 2225 225 2288 τοίς
237 2191 345 2286 πολλοῖς
359 2244 405 2276 και
396 2218 572 2285 ίδιάταις’
554 2225 674 2296 αρίσκειν
687 2222 767 2288 άξιῶν
781 2245 862 2278 κατα·

98 2308 306 2383 φρονηθησεται
323 2307 388 2380 πρός
408 2309 459 2361 τῶν
470 2310 660 2407 χαριεστέρων·
688 2329 703 2363 ο
695 2302 785 2362 δ
768 2312 861 2379 αμηό-

98 2412 161 2492 τερα
175 2388 357 2466 τάκρσατήρεα
383 2393 488 2446 πείθειν
503 2378 612 2459 ζητῶν
595 2411 676 2459 ηετσν
688 2389 860 2455 άποτεύξεται

97 2477 146 2530 τού
162 2478 259 2538 τέλους.
288 2496 342 2531 εστι
357 2463 431 2529 δε
400 2495 486 2540 ουτος,
513 2475 529 2530 ὀ
555 2479 715 2549 μεμιγμένος
733 2474 859 2548 ἐξάμφο-

97 2561 179 2631 πόρων
196 2561 248 2612 τῶν
262 2560 446 2663 χαρακτήρων.
474 2561 520 2617 διά
539 2564 631 2617 ταῦτα
649 2585 704 2637 εγω
721 2580 772 2626 την
787 2577 884 2611 0me

92 2645 341 2716 κατεσκευασμένην
364 2648 435 2716 λέξιν
462 2650 658 2728 μετριωτάτην
687 2639 764 2702 εεναι
778 2655 835 2690 ww
848 2630 906 2680 ὦ
