1950 2954
97 181 132 235 66
219 172 380 225 DIONYSII
403 169 751 223 HALICARNASSENSlS

99 274 164 337 οἷστε
177 284 205 335 ἐν
222 276 323 353 όλίγοις
345 282 402 344 τοῖς
420 277 513 340 κώλοις
530 272 563 333 ού
583 279 683 342 πολλός
696 272 804 349 ελσῆγον
818 295 865 340 τας

100 366 263 436 νεταβολοίς,
290 365 402 438 ἐπῳδοῖς
419 383 447 417 τε
476 363 549 418 πιίνυ
562 363 675 435 ἐχρῶντο
694 357 810 433 ὀλίγαις·
837 359 864 416 ού

98 449 125 504 δέ
141 447 201 522 περὶ
225 448 393 521 Στησίχορόν
413 469 439 502 τε
461 445 507 501 καὶ
525 445 680 520 Πίνδαρον,
704 445 808 515 μείζους
820 447 862 519 ἐρ·

98 535 249 607 γασιίμενοι
261 533 308 598 τοὶς
322 531 472 605 περιόδους,
498 532 534 594 είς
551 532 637 586 πολλοὶ
648 533 733 602 μέτρα
751 529 798 583 καὶ
812 531 862 582 κῶ·

99 622 131 673 λα
147 617 280 688 διένειμαν
293 612 388 682 αύτιίς,
415 610 465 671 ούκ
486 610 570 670 όίλλον
582 617 665 686 τινός,
689 611 705 680 ῆ
720 617 765 682 τῆς
775 634 862 685 μετα·

99 703 195 773 βολῆς,
223 701 307 774 ἔρωτι.
334 700 361 755 οἱ
382 698 410 757 δέ
426 720 456 773 γε
474 697 721 772 Διθυραμβοποιαὶ
736 697 781 752 καί
802 699 864 763 τούς

98 787 216 858 τρόπους
228 788 404 858 μετέβαλλον,
429 785 552 858 Δωρίους
566 803 591 838 τε
606 781 651 838 καί
666 782 803 856 Φρυγίους
817 782 864 836 καί

69 933 72 940 Ι
98 868 219 932 Λυδίους
237 874 265 925 ἐν
290 870 326 943 τῷ
349 864 450 944 ᾅσματι
477 869 632 933 ποιούντες·
653 867 700 922 καὶ
716 868 763 930 τιίς
781 869 863 941 μελαμ

100 953 159 1018 δίας
180 955 348 1023 ἐξήλλαττον,
378 956 438 1010 τοτὲ
456 953 505 1025 μέν
523 952 697 1025 ἐναρμονίους
711 953 862 1017 ποιοῦντες,

99 1041 158 1094 τοτὲ
174 1039 202 1093 δέ
225 1041 409 1115 χρωματικάς,
438 1039 497 1093 τοτὲ
517 1037 546 1092 δέ
565 1035 720 1098 διατόνους·
747 1036 792 1092 καί
808 1040 864 1100 τοῖς

99 1126 218 1197 ῥυθμοῖς
232 1125 300 1178 κατοί
313 1126 414 1190 πολλὴν
434 1118 527 1178 όίδειαν
546 1122 767 1185 ἐνεξουσιάζοντες
782 1121 863 1177 διετέ·

100 1211 177 1260 λουν·
202 1205 269 1277 οἵγε
289 1207 322 1273 δῆ
341 1208 410 1261 κατοί
435 1207 574 1270 Φιλόξενον
588 1204 633 1259 καί
655 1205 795 1275 Τιμόθεον
818 1203 863 1259 καλ

103 1292 244 1357 Τελέστην·
271 1289 328 1345 ἐπεὶ
355 1291 427 1364 τιαροί
441 1311 471 1362 γε
490 1293 545 1350 τοῖς
563 1285 686 1360 ἄρχαίοις
704 1290 864 1359 τεταγμένος

98 1362 131 1440 ῆν
145 1373 161 1428 δ
174 1373 363 1449 Διθύραμβος.
390 1370 406 1445 ῆ
421 1373 449 1429 δὲ
464 1376 525 1443 τεζῆ
547 1375 610 1436 λέξις
624 1367 736 1429 ἅπασαν
752 1372 863 1428 ἐλευθε-

99 1459 162 1531 ρίαν
181 1457 233 1525 έχει
260 1457 305 1513 καί
331 1453 425 1513 ύίδειαν
450 1459 595 1513 ποικίλλειν
622 1460 680 1521 ταῖς
700 1459 865 1529 μεταβολαῖς

100 1545 147 1610 τῆν
159 1541 299 1606 σύνθεσιν,
333 1539 402 1607 ὅπως
413 1541 548 1614 βούλεται.

154 1691 227 1757 Quae
247 1692 327 1738 dictio
341 1692 583 1755 praestantissima
601 1689 695 1740 Ιιούετί
711 1689 814 1741 debeat.

164 1799 219 1849 Καὶ
233 1793 287 1850 έστι
313 1797 377 1859 λέξις
403 1798 530 1868 κρατίστη
547 1798 648 1860 πασῶν,
677 1790 781 1863 ῆτιςόίν
808 1798 863 1868 έχοι

99 1879 222 1942 πλείστας
247 1875 408 1943 οἷναπαύλας
432 1900 458 1934 τε
484 1880 532 1935 καί
557 1881 709 1951 μεταβολιίς
723 1878 862 1954 ἁρμονίας,

100 1959 258 2018 όταντουτί
276 1965 324 2035 μὲν
350 1967 378 2017 έν
405 1963 518 2038 περιόδῳ
541 1967 657 2034 λέγηται,
685 1962 863 2030 τουτίδ’ίἙω

99 2049 241 2120 περιόδου·
267 2047 312 2103 καί
326 2041 370 2114 ῆδε
384 2048 432 2119 μέν
446 2044 462 2118 ῆ
477 2047 602 2122 περίοδος
616 2053 643 2102 εἰι
658 2051 789 2106 πλειόνων
802 2053 861 2108 πλέ·

99 2153 178 2200 κηται
191 2131 292 2203 κώλων,
321 2127 366 2200 ῆδε
385 2126 413 2186 δ’
432 2135 459 2195 ἐξ
471 2134 630 2188 ἐλαττόνων·
658 2129 749 2189 αύτῶν
769 2133 798 2189 δὲ
812 2138 862 2190 τῶν

98 2216 187 2272 κώλων
214 2218 243 2272 τό
269 2217 317 2288 μέν
342 2217 506 2294 βραχύτερον
531 2205 563 2291 ᾖ,
592 2217 620 2272 τύ
642 2217 669 2272 δὲ
680 2220 861 2295 μακρότερον·

98 2299 142 2352 καί
163 2303 193 2354 τό
211 2303 260 2372 μέν
281 2297 369 2355 αὐτῶν
388 2304 562 2375 γοργότερον,
591 2302 621 2356 τό
635 2299 663 2355 δέ
681 2301 861 2376 βραδύτερον,

99 2385 128 2437 τό
145 2379 172 2436 δ’
187 2381 390 2456 οίκριβέστερον·
417 2387 524 2458 ῥυθμοί
538 2381 558 2440 τ’
576 2380 660 2448 σ’ίλλοι,
677 2381 723 2442 καί
736 2387 860 2460 σχῆματα

98 2471 228 2532 παντοῖα,
257 2466 303 2522 καὶ
316 2469 403 2531 τοίσεις
417 2471 507 2540 φωνῆς
522 2466 552 2524 αί
569 2468 732 2541 καλούμεναι
751 2492 859 2546 προστρ-

97 2548 152 2604 δίαι
168 2549 309 2622 διάφοροι,
340 2553 501 2608 κλέπτουσαι
519 2554 552 2627 τῆ
566 2555 684 2628 ποικιλίᾳ
704 2556 751 2609 τόν
770 2556 856 2627 κόρον.

91 2630 145 2698 ἶνιν
162 2632 193 2688 δέ
212 2655 271 2688 τινα
286 2635 366 2708 χοίρεν
393 2640 420 2690 ἐν
447 2640 503 2700 τοῖς
523 2636 655 2700 τοιούτοις
672 2637 718 2693 καί
737 2643 768 2695 το
787 2637 859 2695 οὕτω
