<?xml version="1.0" encoding="UTF-8"?>
<!DOCTYPE html PUBLIC "-//W3C//DTD XHTML 1.0 Transitional//EN"
    "http://www.w3.org/TR/xhtml1/DTD/xhtml1-transitional.dtd">
<html xmlns="http://www.w3.org/1999/xhtml" xml:lang="en" lang="en">
 <head>
  <title>
</title>
<meta http-equiv="Content-Type" content="text/html;charset=utf-8" />
  <meta name='ocr-system' content='tesseract 3.04.00' />
  <meta name='ocr-capabilities' content='ocr_page ocr_carea ocr_par ocr_line ocrx_word'/>
</head>
<body>
  <div class='ocr_page' id='page_1' title='image "./operaomnia02diongoog_0053.png"; bbox 0 0 1950 2954; ppageno 0'>
   <div class='ocr_carea' id='block_1_1' title="bbox 184 118 864 184">
    <p class='ocr_par' dir='ltr' id='par_1_1' title="bbox 184 118 864 184">
     <span class='ocr_line' id='line_1_1' title="bbox 184 118 864 184; baseline -0.001 -10"><span class='ocrx_word' id='word_1_1' title='bbox 184 120 232 175; x_wconf 88' lang='lat' dir='ltr'><strong><em>DE</em></strong></span> <span class='ocrx_word' id='word_1_2' title='bbox 249 119 521 174; x_wconf 78' lang='lat' dir='ltr'>COMPOSITIONE</span> <span class='ocrx_word' id='word_1_3' title='bbox 534 118 735 174; x_wconf 82' lang='lat' dir='ltr'><strong>VERBORVM.</strong></span> <span class='ocrx_word' id='word_1_4' title='bbox 829 125 864 184; x_wconf 79' lang='grc'><strong><em>45</em></strong></span> 
     </span>
    </p>
   </div>
   <div class='ocr_carea' id='block_1_2' title="bbox 93 227 893 2679">
    <p class='ocr_par' dir='ltr' id='par_1_2' title="bbox 93 227 866 1805">
     <span class='ocr_line' id='line_1_2' title="bbox 95 227 864 305; baseline 0 -19"><span class='ocrx_word' id='word_1_5' title='bbox 95 229 133 304; x_wconf 67' lang='grc' dir='ltr'><strong><em>τῷ</em></strong></span> <span class='ocrx_word' id='word_1_6' title='bbox 146 230 266 304; x_wconf 80' lang='grc' dir='ltr'><strong><em>στόματι</em></strong></span> <span class='ocrx_word' id='word_1_7' title='bbox 288 227 527 304; x_wconf 74' lang='grc' dir='ltr'><strong><em>προσερειδομένης</em></strong></span> <span class='ocrx_word' id='word_1_8' title='bbox 545 230 615 286; x_wconf 74' lang='grc' dir='ltr'><strong><em>κατὰ</em></strong></span> <span class='ocrx_word' id='word_1_9' title='bbox 627 229 691 296; x_wconf 77' lang='grc' dir='ltr'><strong><em>τοῦς</em></strong></span> <span class='ocrx_word' id='word_1_10' title='bbox 702 233 864 305; x_wconf 79' lang='grc' dir='ltr'><strong><em>μετεωροτέ-</em></strong></span> 
     </span>
     <span class='ocr_line' id='line_1_3' title="bbox 95 307 861 391; baseline 0 -21"><span class='ocrx_word' id='word_1_11' title='bbox 95 334 163 391; x_wconf 92' lang='grc' dir='ltr'><strong><em>ρους</em></strong></span> <span class='ocrx_word' id='word_1_12' title='bbox 177 309 303 381; x_wconf 74' lang='grc' dir='ltr'><strong><em>ὀδόντας,</em></strong></span> <span class='ocrx_word' id='word_1_13' title='bbox 330 307 418 370; x_wconf 75' lang='grc' dir='ltr'><strong><em>ἔπειθ’</em></strong></span> <span class='ocrx_word' id='word_1_14' title='bbox 433 311 487 370; x_wconf 77' lang='grc' dir='ltr'><strong><em>διεδ</em></strong></span> <span class='ocrx_word' id='word_1_15' title='bbox 501 313 551 368; x_wconf 74' lang='grc' dir='ltr'><strong><em>τοῦ</em></strong></span> <span class='ocrx_word' id='word_1_16' title='bbox 576 313 728 389; x_wconf 80' lang='grc' dir='ltr'><strong><em>πνιδματος</em></strong></span> <span class='ocrx_word' id='word_1_17' title='bbox 743 314 861 389; x_wconf 79' lang='grc' dir='ltr'><strong><em>δπορήα·</em></strong></span> 
     </span>
     <span class='ocr_line' id='line_1_4' title="bbox 95 394 864 476; baseline 0 -22"><span class='ocrx_word' id='word_1_18' title='bbox 95 400 245 472; x_wconf 82' lang='grc' dir='ltr'><strong><em>πιζομένης,</em></strong></span> <span class='ocrx_word' id='word_1_19' title='bbox 260 396 369 467; x_wconf 77' lang='grc' dir='ltr'><strong><em>καλιήν</em></strong></span> <span class='ocrx_word' id='word_1_20' title='bbox 384 398 502 464; x_wconf 85' lang='grc' dir='ltr'><strong><em>διέξοδον</em></strong></span> <span class='ocrx_word' id='word_1_21' title='bbox 513 394 585 471; x_wconf 80' lang='grc' dir='ltr'><strong><em>αδτῷ</em></strong></span> <span class='ocrx_word' id='word_1_22' title='bbox 598 398 659 476; x_wconf 77' lang='grc' dir='ltr'><strong><em>περὶ</em></strong></span> <span class='ocrx_word' id='word_1_23' title='bbox 674 400 737 465; x_wconf 74' lang='grc' dir='ltr'><strong><em>τοὺς</em></strong></span> <span class='ocrx_word' id='word_1_24' title='bbox 751 396 864 463; x_wconf 84' lang='grc' dir='ltr'><strong><em>ἀδέντας</em></strong></span> 
     </span>
     <span class='ocr_line' id='line_1_5' title="bbox 96 481 864 552; baseline 0.001 -13"><span class='ocrx_word' id='word_1_25' title='bbox 96 481 300 552; x_wconf 71' lang='grc' dir='ltr'><strong><em>ἀποδιδούσης,</em></strong></span> <span class='ocrx_word' id='word_1_26' title='bbox 320 484 352 538; x_wconf 82' lang='grc' dir='ltr'><strong><em>τὸ</em></strong></span> <span class='ocrx_word' id='word_1_27' title='bbox 366 503 381 539; x_wconf 88' lang='grc' dir='ltr'><strong><em>τ</em></strong></span> <span class='ocrx_word' id='word_1_28' title='bbox 394 482 440 539; x_wconf 82' lang='grc' dir='ltr'><strong><em>καλ</em></strong></span> <span class='ocrx_word' id='word_1_29' title='bbox 449 486 481 539; x_wconf 80' lang='grc' dir='ltr'><strong><em>τὸ</em></strong></span> <span class='ocrx_word' id='word_1_30' title='bbox 491 487 516 538; x_wconf 79' lang='grc' dir='ltr'><em>θ</em></span> <span class='ocrx_word' id='word_1_31' title='bbox 530 483 574 540; x_wconf 78' lang='grc' dir='ltr'><strong><em>καὶ</em></strong></span> <span class='ocrx_word' id='word_1_32' title='bbox 589 488 619 541; x_wconf 83' lang='grc' dir='ltr'><strong><em>τὸ</em></strong></span> <span class='ocrx_word' id='word_1_33' title='bbox 632 485 655 542; x_wconf 92' lang='grc' dir='ltr'><strong><em>δ.</em></strong></span> <span class='ocrx_word' id='word_1_34' title='bbox 672 484 821 541; x_wconf 74' lang='grc' dir='ltr'><strong><em>διαλλάττει</em></strong></span> <span class='ocrx_word' id='word_1_35' title='bbox 837 483 864 540; x_wconf 85' lang='grc' dir='ltr'><strong><em>δέ</em></strong></span> 
     </span>
     <span class='ocr_line' id='line_1_6' title="bbox 97 564 864 643; baseline 0.001 -20"><span class='ocrx_word' id='word_1_36' title='bbox 97 565 144 623; x_wconf 77' lang='grc' dir='ltr'><strong><em>καὶ</em></strong></span> <span class='ocrx_word' id='word_1_37' title='bbox 159 569 245 622; x_wconf 76' lang='grc' dir='ltr'><strong><em>ταῦτα</em></strong></span> <span class='ocrx_word' id='word_1_38' title='bbox 259 564 391 637; x_wconf 82' lang='grc' dir='ltr'><strong><em>δασέτηιι</em></strong></span> <span class='ocrx_word' id='word_1_39' title='bbox 415 565 464 624; x_wconf 85' lang='grc' dir='ltr'><strong><em>καλ</em></strong></span> <span class='ocrx_word' id='word_1_40' title='bbox 490 569 632 640; x_wconf 81' lang='grc' dir='ltr'><strong><em>ιμιλέιητι·Ι</em></strong></span> <span class='ocrx_word' id='word_1_41' title='bbox 655 572 734 642; x_wconf 84' lang='grc' dir='ltr'><strong><em>φιλδν</em></strong></span> <span class='ocrx_word' id='word_1_42' title='bbox 748 571 798 642; x_wconf 86' lang='grc' dir='ltr'><strong><em>μέν</em></strong></span> <span class='ocrx_word' id='word_1_43' title='bbox 810 570 864 643; x_wconf 77' lang='grc' dir='ltr'><strong><em>γάρ</em></strong></span> 
     </span>
     <span class='ocr_line' id='line_1_7' title="bbox 96 648 864 724; baseline -0.001 -16"><span class='ocrx_word' id='word_1_44' title='bbox 96 655 171 709; x_wconf 71' lang='grc' dir='ltr'><strong><em>ἔστιν</em></strong></span> <span class='ocrx_word' id='word_1_45' title='bbox 186 648 276 708; x_wconf 74' lang='grc' dir='ltr'><strong><em>αὐτῶν</em></strong></span> <span class='ocrx_word' id='word_1_46' title='bbox 290 653 320 707; x_wconf 87' lang='grc' dir='ltr'><strong><em>τδ</em></strong></span> <span class='ocrx_word' id='word_1_47' title='bbox 334 674 362 715; x_wconf 85' lang='grc' dir='ltr'><strong><em>τ,</em></strong></span> <span class='ocrx_word' id='word_1_48' title='bbox 390 651 461 708; x_wconf 83' lang='grc' dir='ltr'><strong><em>δασέι</em></strong></span> <span class='ocrx_word' id='word_1_49' title='bbox 475 650 503 707; x_wconf 85' lang='grc' dir='ltr'><strong><em>δέ</em></strong></span> <span class='ocrx_word' id='word_1_50' title='bbox 514 656 545 709; x_wconf 86' lang='grc' dir='ltr'><strong><em>τδ</em></strong></span> <span class='ocrx_word' id='word_1_51' title='bbox 558 656 589 724; x_wconf 77' lang='grc' dir='ltr'><strong><em>θ,</em></strong></span> <span class='ocrx_word' id='word_1_52' title='bbox 605 656 689 723; x_wconf 84' lang='grc' dir='ltr'><strong><em>μέσον</em></strong></span> <span class='ocrx_word' id='word_1_53' title='bbox 704 654 731 709; x_wconf 86' lang='grc' dir='ltr'><strong><em>δὲ</em></strong></span> <span class='ocrx_word' id='word_1_54' title='bbox 745 653 794 709; x_wconf 78' lang='grc' dir='ltr'><strong><em>καὶ</em></strong></span> <span class='ocrx_word' id='word_1_55' title='bbox 808 654 864 710; x_wconf 69' lang='grc' dir='ltr'><strong><em>ἐπέ·</em></strong></span> 
     </span>
     <span class='ocr_line' id='line_1_8' title="bbox 97 731 864 813; baseline -0.003 -20"><span class='ocrx_word' id='word_1_56' title='bbox 97 756 191 793; x_wconf 89' lang='grc' dir='ltr'><strong><em>ιιοινον</em></strong></span> <span class='ocrx_word' id='word_1_57' title='bbox 215 739 246 793; x_wconf 87' lang='grc' dir='ltr'><strong><em>τδ</em></strong></span> <span class='ocrx_word' id='word_1_58' title='bbox 274 735 298 790; x_wconf 90' lang='grc' dir='ltr'><strong><em>δ.</em></strong></span> <span class='ocrx_word' id='word_1_59' title='bbox 327 731 395 805; x_wconf 82' lang='grc' dir='ltr'><strong><em>αὕτη</em></strong></span> <span class='ocrx_word' id='word_1_60' title='bbox 424 736 533 809; x_wconf 81' lang='grc' dir='ltr'><strong><em>δευτέρα</em></strong></span> <span class='ocrx_word' id='word_1_61' title='bbox 559 740 672 809; x_wconf 80' lang='grc' dir='ltr'><strong><em>συζυγία</em></strong></span> <span class='ocrx_word' id='word_1_62' title='bbox 697 739 864 813; x_wconf 78' lang='grc' dir='ltr'><strong><em>γραμμάτων</em></strong></span> 
     </span>
     <span class='ocr_line' id='line_1_9' title="bbox 95 818 862 896; baseline 0 -20"><span class='ocrx_word' id='word_1_63' title='bbox 95 818 223 892; x_wconf 85' lang='grc' dir='ltr'><strong><em>ἀφώνων.</em></strong></span> <span class='ocrx_word' id='word_1_64' title='bbox 238 822 300 893; x_wconf 78' lang='grc' dir='ltr'><strong><em>τρία</em></strong></span> <span class='ocrx_word' id='word_1_65' title='bbox 315 819 343 876; x_wconf 84' lang='grc' dir='ltr'><strong><em>δέ</em></strong></span> <span class='ocrx_word' id='word_1_66' title='bbox 357 823 391 876; x_wconf 83' lang='grc' dir='ltr'><strong><em>τά</em></strong></span> <span class='ocrx_word' id='word_1_67' title='bbox 404 823 486 877; x_wconf 82' lang='grc' dir='ltr'><strong><em>λοιποὶ</em></strong></span> <span class='ocrx_word' id='word_1_68' title='bbox 500 823 552 876; x_wconf 83' lang='grc' dir='ltr'><strong><em>τῶν</em></strong></span> <span class='ocrx_word' id='word_1_69' title='bbox 566 818 681 893; x_wconf 83' lang='grc' dir='ltr'><strong><em>ἀφώνων</em></strong></span> <span class='ocrx_word' id='word_1_70' title='bbox 692 825 793 896; x_wconf 81' lang='grc' dir='ltr'><strong><em>λέγεται</em></strong></span> <span class='ocrx_word' id='word_1_71' title='bbox 806 824 862 893; x_wconf 83' lang='grc' dir='ltr'><strong><em>μέν,</em></strong></span> 
     </span>
     <span class='ocr_line' id='line_1_10' title="bbox 97 901 866 980; baseline 0 -20"><span class='ocrx_word' id='word_1_72' title='bbox 97 909 144 974; x_wconf 84' lang='grc' dir='ltr'><strong><em>τής</em></strong></span> <span class='ocrx_word' id='word_1_73' title='bbox 167 905 287 980; x_wconf 77' lang='grc' dir='ltr'><strong><em>γλώττης</em></strong></span> <span class='ocrx_word' id='word_1_74' title='bbox 312 901 488 975; x_wconf 71' lang='grc' dir='ltr'><strong><em>ἀνισταμένης</em></strong></span> <span class='ocrx_word' id='word_1_75' title='bbox 509 907 579 961; x_wconf 84' lang='grc' dir='ltr'><strong><em>κατά</em></strong></span> <span class='ocrx_word' id='word_1_76' title='bbox 592 908 640 961; x_wconf 83' lang='grc' dir='ltr'><strong><em>τὸν</em></strong></span> <span class='ocrx_word' id='word_1_77' title='bbox 655 901 774 978; x_wconf 80' lang='grc' dir='ltr'><strong><em>οὖρανδν</em></strong></span> <span class='ocrx_word' id='word_1_78' title='bbox 789 907 866 979; x_wconf 75' lang='grc' dir='ltr'><strong><em>ἐγγὺς</em></strong></span> 
     </span>
     <span class='ocr_line' id='line_1_11' title="bbox 96 987 866 1065; baseline -0.004 -19"><span class='ocrx_word' id='word_1_79' title='bbox 96 993 142 1059; x_wconf 83' lang='grc' dir='ltr'><strong><em>τής</em></strong></span> <span class='ocrx_word' id='word_1_80' title='bbox 169 991 325 1065; x_wconf 74' lang='grc' dir='ltr'><strong><em>φάρυγγος,</em></strong></span> <span class='ocrx_word' id='word_1_81' title='bbox 354 989 399 1045; x_wconf 85' lang='grc' dir='ltr'><strong><em>καὶ</em></strong></span> <span class='ocrx_word' id='word_1_82' title='bbox 423 993 469 1060; x_wconf 75' lang='grc' dir='ltr'><strong><em>τῆς</em></strong></span> <span class='ocrx_word' id='word_1_83' title='bbox 496 987 625 1065; x_wconf 72' lang='grc' dir='ltr'><strong><em>ἀρτηρίας</em></strong></span> <span class='ocrx_word' id='word_1_84' title='bbox 651 989 805 1058; x_wconf 72' lang='grc' dir='ltr'><strong><em>ὑπηχούσης</em></strong></span> <span class='ocrx_word' id='word_1_85' title='bbox 831 988 866 1061; x_wconf 76' lang='grc' dir='ltr'><strong><em>τῷ</em></strong></span> 
     </span>
     <span class='ocr_line' id='line_1_12' title="bbox 97 1071 866 1148; baseline -0.003 -19"><span class='ocrx_word' id='word_1_86' title='bbox 97 1076 249 1148; x_wconf 77' lang='grc' dir='ltr'><strong><em>πνεύματι,</em></strong></span> <span class='ocrx_word' id='word_1_87' title='bbox 278 1075 308 1128; x_wconf 82' lang='grc' dir='ltr'><strong><em>τὸ</em></strong></span> <span class='ocrx_word' id='word_1_88' title='bbox 334 1073 416 1130; x_wconf 79' lang='grc' dir='ltr'><strong><em>κκαέ</em></strong></span> <span class='ocrx_word' id='word_1_89' title='bbox 430 1073 462 1128; x_wconf 83' lang='grc' dir='ltr'><strong><em>ἰὀ</em></strong></span> <span class='ocrx_word' id='word_1_90' title='bbox 471 1072 549 1143; x_wconf 82' lang='grc' dir='ltr'><strong><em>χκαὶ</em></strong></span> <span class='ocrx_word' id='word_1_91' title='bbox 562 1075 594 1128; x_wconf 86' lang='grc' dir='ltr'>τό</span> <span class='ocrx_word' id='word_1_92' title='bbox 607 1095 636 1147; x_wconf 86' lang='grc' dir='ltr'><strong><em>γ,</em></strong></span> <span class='ocrx_word' id='word_1_93' title='bbox 664 1071 755 1130; x_wconf 76' lang='grc' dir='ltr'><strong><em>οὐδενὶ</em></strong></span> <span class='ocrx_word' id='word_1_94' title='bbox 781 1075 866 1129; x_wconf 74' lang='grc' dir='ltr'><strong><em>ταῦτα</em></strong></span> 
     </span>
     <span class='ocr_line' id='line_1_13' title="bbox 96 1154 866 1233; baseline -0.001 -19"><span class='ocrx_word' id='word_1_95' title='bbox 96 1157 265 1233; x_wconf 83' lang='grc' dir='ltr'><strong><em>διαφέροντα</em></strong></span> <span class='ocrx_word' id='word_1_96' title='bbox 278 1157 314 1233; x_wconf 73' lang='grc' dir='ltr'><strong><em>τῷ</em></strong></span> <span class='ocrx_word' id='word_1_97' title='bbox 334 1158 448 1228; x_wconf 86' lang='grc' dir='ltr'><strong><em>σχήματι</em></strong></span> <span class='ocrx_word' id='word_1_98' title='bbox 461 1156 588 1226; x_wconf 84' lang='grc' dir='ltr'><strong><em>ἀλλήλων,</em></strong></span> <span class='ocrx_word' id='word_1_99' title='bbox 603 1160 672 1226; x_wconf 85' lang='grc' dir='ltr'><strong><em>πλήν</em></strong></span> <span class='ocrx_word' id='word_1_100' title='bbox 686 1154 729 1215; x_wconf 83' lang='grc' dir='ltr'><strong><em>ὅτι</em></strong></span> <span class='ocrx_word' id='word_1_101' title='bbox 743 1160 774 1215; x_wconf 84' lang='grc' dir='ltr'><strong><em>τέ</em></strong></span> <span class='ocrx_word' id='word_1_102' title='bbox 787 1160 837 1231; x_wconf 89' lang='grc' dir='ltr'><strong><em>μέν</em></strong></span> <span class='ocrx_word' id='word_1_103' title='bbox 851 1180 866 1213; x_wconf 90' lang='grc' dir='ltr'><strong><em>κ</em></strong></span> 
     </span>
     <span class='ocr_line' id='line_1_14' title="bbox 96 1242 866 1318; baseline -0.001 -19"><span class='ocrx_word' id='word_1_104' title='bbox 96 1246 182 1315; x_wconf 79' lang='grc' dir='ltr'><strong><em>ψιλῶς</em></strong></span> <span class='ocrx_word' id='word_1_105' title='bbox 195 1245 312 1314; x_wconf 84' lang='grc' dir='ltr'><strong><em>λέγεται,</em></strong></span> <span class='ocrx_word' id='word_1_106' title='bbox 340 1243 372 1296; x_wconf 83' lang='grc' dir='ltr'><strong><em>τὸ</em></strong></span> <span class='ocrx_word' id='word_1_107' title='bbox 386 1242 442 1311; x_wconf 85' lang='grc' dir='ltr'><strong><em>δέχ</em></strong></span> <span class='ocrx_word' id='word_1_108' title='bbox 455 1242 564 1310; x_wconf 86' lang='grc' dir='ltr'><strong><em>δασέως,</em></strong></span> <span class='ocrx_word' id='word_1_109' title='bbox 579 1243 611 1296; x_wconf 83' lang='grc' dir='ltr'><strong><em>τὸ</em></strong></span> <span class='ocrx_word' id='word_1_110' title='bbox 625 1242 653 1296; x_wconf 89' lang='grc' dir='ltr'><strong><em>δέ</em></strong></span> <span class='ocrx_word' id='word_1_111' title='bbox 666 1266 684 1317; x_wconf 91' lang='grc' dir='ltr'><strong><em>γ</em></strong></span> <span class='ocrx_word' id='word_1_112' title='bbox 696 1246 807 1318; x_wconf 78' lang='grc' dir='ltr'><strong><em>μετρίως</em></strong></span> <span class='ocrx_word' id='word_1_113' title='bbox 821 1243 866 1298; x_wconf 77' lang='grc' dir='ltr'><strong><em>καὶ</em></strong></span> 
     </span>
     <span class='ocr_line' id='line_1_15' title="bbox 93 1313 866 1400; baseline -0.001 -17"><span class='ocrx_word' id='word_1_114' title='bbox 93 1327 197 1400; x_wconf 75' lang='grc' dir='ltr'><strong><em>μεταξὺ</em></strong></span> <span class='ocrx_word' id='word_1_115' title='bbox 209 1326 320 1382; x_wconf 76' lang='grc' dir='ltr'><strong><em>τούτων.</em></strong></span> <span class='ocrx_word' id='word_1_116' title='bbox 348 1329 477 1399; x_wconf 85' lang='grc' dir='ltr'><strong><em>κράτισια</em></strong></span> <span class='ocrx_word' id='word_1_117' title='bbox 490 1327 539 1399; x_wconf 88' lang='grc' dir='ltr'><strong><em>μέν</em></strong></span> <span class='ocrx_word' id='word_1_118' title='bbox 566 1313 616 1381; x_wconf 72' lang='grc' dir='ltr'><strong><em>οὖν</em></strong></span> <span class='ocrx_word' id='word_1_119' title='bbox 638 1330 710 1384; x_wconf 82' lang='grc' dir='ltr'><strong><em>ἐστιν</em></strong></span> <span class='ocrx_word' id='word_1_120' title='bbox 717 1369 726 1395; x_wconf 87' lang='grc'><strong><em>,</em></strong></span> <span class='ocrx_word' id='word_1_121' title='bbox 753 1324 805 1384; x_wconf 83' lang='grc' dir='ltr'><strong><em>ὅσα</em></strong></span> <span class='ocrx_word' id='word_1_122' title='bbox 830 1328 866 1399; x_wconf 76' lang='grc' dir='ltr'><strong><em>τῷ</em></strong></span> 
     </span>
     <span class='ocr_line' id='line_1_16' title="bbox 95 1406 864 1485; baseline -0.001 -17"><span class='ocrx_word' id='word_1_123' title='bbox 95 1412 235 1483; x_wconf 74' lang='grc' dir='ltr'><strong><em>πνεύματι</em></strong></span> <span class='ocrx_word' id='word_1_124' title='bbox 259 1410 348 1484; x_wconf 70' lang='grc' dir='ltr'><strong><em>πολλῷ</em></strong></span> <span class='ocrx_word' id='word_1_125' title='bbox 368 1414 482 1483; x_wconf 80' lang='grc' dir='ltr'><strong><em>λέγεται·</em></strong></span> <span class='ocrx_word' id='word_1_126' title='bbox 510 1411 620 1485; x_wconf 78' lang='grc' dir='ltr'><strong><em>δεύτερα</em></strong></span> <span class='ocrx_word' id='word_1_127' title='bbox 647 1410 688 1477; x_wconf 85' lang='grc' dir='ltr'><strong><em>δέ,</em></strong></span> <span class='ocrx_word' id='word_1_128' title='bbox 709 1406 763 1468; x_wconf 87' lang='grc' dir='ltr'><strong><em>ὅσα</em></strong></span> <span class='ocrx_word' id='word_1_129' title='bbox 779 1412 864 1484; x_wconf 83' lang='grc' dir='ltr'><strong><em>μέσῳ·</em></strong></span> 
     </span>
     <span class='ocr_line' id='line_1_17' title="bbox 95 1490 865 1570; baseline -0.003 -18"><span class='ocrx_word' id='word_1_130' title='bbox 95 1499 183 1552; x_wconf 82' lang='grc' dir='ltr'><strong><em>κακίω</em></strong></span> <span class='ocrx_word' id='word_1_131' title='bbox 197 1496 244 1567; x_wconf 85' lang='grc' dir='ltr'><strong><em>δέ,</em></strong></span> <span class='ocrx_word' id='word_1_132' title='bbox 271 1490 325 1552; x_wconf 85' lang='grc' dir='ltr'><strong><em>ὅσα</em></strong></span> <span class='ocrx_word' id='word_1_133' title='bbox 352 1494 430 1568; x_wconf 75' lang='grc' dir='ltr'><strong><em>ιμιλρῖ.</em></strong></span> <span class='ocrx_word' id='word_1_134' title='bbox 456 1496 603 1568; x_wconf 75' lang='grc' dir='ltr'><strong><em>ταῦταμὲν</em></strong></span> <span class='ocrx_word' id='word_1_135' title='bbox 616 1497 671 1570; x_wconf 77' lang='grc' dir='ltr'><strong><em>γάρ</em></strong></span> <span class='ocrx_word' id='word_1_136' title='bbox 687 1496 735 1563; x_wconf 86' lang='grc' dir='ltr'><strong><em>τήν</em></strong></span> <span class='ocrx_word' id='word_1_137' title='bbox 762 1498 865 1552; x_wconf 78' lang='grc' dir='ltr'><strong><em>ἑαυτῶν</em></strong></span> 
     </span>
     <span class='ocr_line' id='line_1_18' title="bbox 97 1578 866 1652; baseline -0.004 -15"><span class='ocrx_word' id='word_1_138' title='bbox 97 1581 217 1652; x_wconf 78' lang='grc' dir='ltr'><strong><em>δύναμιν</em></strong></span> <span class='ocrx_word' id='word_1_139' title='bbox 243 1578 298 1649; x_wconf 79' lang='grc' dir='ltr'><strong><em>ἔχει</em></strong></span> <span class='ocrx_word' id='word_1_140' title='bbox 323 1581 423 1652; x_wconf 85' lang='grc' dir='ltr'><strong><em>μένην·</em></strong></span> <span class='ocrx_word' id='word_1_141' title='bbox 450 1582 485 1634; x_wconf 71' lang='lat' dir='ltr'><strong><em>&#39;ui</em></strong></span> <span class='ocrx_word' id='word_1_142' title='bbox 499 1579 529 1634; x_wconf 87' lang='grc' dir='ltr'><strong><em>δέ</em></strong></span> <span class='ocrx_word' id='word_1_143' title='bbox 554 1579 652 1652; x_wconf 81' lang='grc' dir='ltr'><strong><em>δασέα,</em></strong></span> <span class='ocrx_word' id='word_1_144' title='bbox 681 1578 728 1635; x_wconf 78' lang='grc' dir='ltr'><strong><em>καὶ</em></strong></span> <span class='ocrx_word' id='word_1_145' title='bbox 753 1581 802 1648; x_wconf 85' lang='grc' dir='ltr'><strong><em>τήν</em></strong></span> <span class='ocrx_word' id='word_1_146' title='bbox 816 1581 866 1636; x_wconf 77' lang='grc' dir='ltr'><strong><em>τοῦ</em></strong></span> 
     </span>
     <span class='ocr_line' id='line_1_19' title="bbox 95 1660 866 1739; baseline -0.003 -19"><span class='ocrx_word' id='word_1_147' title='bbox 95 1666 251 1737; x_wconf 80' lang='grc' dir='ltr'><strong><em>πνοέιματας</em></strong></span> <span class='ocrx_word' id='word_1_148' title='bbox 270 1664 451 1739; x_wconf 77' lang='grc' dir='ltr'><strong><em>προσθήκην,</em></strong></span> <span class='ocrx_word' id='word_1_149' title='bbox 474 1660 540 1720; x_wconf 82' lang='grc' dir='ltr'><strong><em>ὥστε</em></strong></span> <span class='ocrx_word' id='word_1_150' title='bbox 553 1664 631 1736; x_wconf 78' lang='grc' dir='ltr'><strong><em>ἐγγὺς</em></strong></span> <span class='ocrx_word' id='word_1_151' title='bbox 644 1666 693 1721; x_wconf 75' lang='grc' dir='ltr'><strong><em>τοῦ</em></strong></span> <span class='ocrx_word' id='word_1_152' title='bbox 714 1667 866 1721; x_wconf 84' lang='grc' dir='ltr'><strong><em>τιλειότατυ</em></strong></span> 
     </span>
     <span class='ocr_line' id='line_1_20' title="bbox 94 1746 278 1805; baseline -0.016 0"><span class='ocrx_word' id='word_1_153' title='bbox 94 1746 166 1805; x_wconf 78' lang='grc' dir='ltr'><strong><em>εἶναι</em></strong></span> <span class='ocrx_word' id='word_1_154' title='bbox 180 1753 278 1804; x_wconf 76' lang='grc' dir='ltr'><strong><em>ἐκεῖνα.</em></strong></span> 
     </span>
    </p>

    <p class='ocr_par' dir='ltr' id='par_1_3' title="bbox 97 1828 893 2679">
     <span class='ocr_line' id='line_1_21' title="bbox 161 1828 867 1908; baseline -0.001 -18"><span class='ocrx_word' id='word_1_155' title='bbox 161 1830 230 1892; x_wconf 88' lang='lat' dir='ltr'><strong><em>XV.</em></strong></span> <span class='ocrx_word' id='word_1_156' title='bbox 251 1828 297 1888; x_wconf 86' lang='grc' dir='ltr'><strong><em>Ἐκ</em></strong></span> <span class='ocrx_word' id='word_1_157' title='bbox 312 1832 345 1901; x_wconf 83' lang='grc' dir='ltr'><strong><em>δή</em></strong></span> <span class='ocrx_word' id='word_1_158' title='bbox 359 1833 411 1887; x_wconf 83' lang='grc' dir='ltr'><strong><em>τῶν</em></strong></span> <span class='ocrx_word' id='word_1_159' title='bbox 421 1835 585 1908; x_wconf 71' lang='grc' dir='ltr'><strong><em>γραμμάτων</em></strong></span> <span class='ocrx_word' id='word_1_160' title='bbox 596 1833 732 1889; x_wconf 82' lang='grc' dir='ltr'><strong><em>τοσοὺτων</em></strong></span> <span class='ocrx_word' id='word_1_161' title='bbox 745 1855 774 1890; x_wconf 88' lang='grc' dir='ltr'><strong><em>τε</em></strong></span> <span class='ocrx_word' id='word_1_162' title='bbox 784 1832 867 1889; x_wconf 79' lang='grc' dir='ltr'><strong><em>ὄντων</em></strong></span> 
     </span>
     <span class='ocr_line' id='line_1_22' title="bbox 99 1915 864 1991; baseline 0.001 -19"><span class='ocrx_word' id='word_1_163' title='bbox 99 1917 145 1973; x_wconf 79' lang='grc' dir='ltr'><strong><em>καὶ</em></strong></span> <span class='ocrx_word' id='word_1_164' title='bbox 159 1917 288 1990; x_wconf 74' lang='grc' dir='ltr'><strong><em>δυνάμεις</em></strong></span> <span class='ocrx_word' id='word_1_165' title='bbox 308 1917 436 1981; x_wconf 77' lang='grc' dir='ltr'><strong><em>τοιαδιας</em></strong></span> <span class='ocrx_word' id='word_1_166' title='bbox 457 1918 581 1987; x_wconf 74' lang='grc' dir='ltr'><strong><em>ἐχόντων,</em></strong></span> <span class='ocrx_word' id='word_1_167' title='bbox 603 1915 633 1974; x_wconf 79' lang='grc' dir='ltr'><strong><em>αἱ</em></strong></span> <span class='ocrx_word' id='word_1_168' title='bbox 652 1918 813 1990; x_wconf 81' lang='grc' dir='ltr'><strong><em>καλοέιμιναι</em></strong></span> <span class='ocrx_word' id='word_1_169' title='bbox 824 1919 864 1991; x_wconf 86' lang='grc' dir='ltr'><strong><em>γέ-</em></strong></span> 
     </span>
     <span class='ocr_line' id='line_1_23' title="bbox 98 2000 865 2075; baseline -0.003 -19"><span class='ocrx_word' id='word_1_170' title='bbox 98 2023 194 2058; x_wconf 85' lang='grc' dir='ltr'><strong><em>νονται</em></strong></span> <span class='ocrx_word' id='word_1_171' title='bbox 219 2001 365 2075; x_wconf 77' lang='grc' dir='ltr'><strong><em>συλλαβαί.</em></strong></span> <span class='ocrx_word' id='word_1_172' title='bbox 392 2001 494 2058; x_wconf 75' lang='grc' dir='ltr'><strong><em>τούτων</em></strong></span> <span class='ocrx_word' id='word_1_173' title='bbox 509 2002 537 2058; x_wconf 91' lang='grc' dir='ltr'><strong><em>δέ</em></strong></span> <span class='ocrx_word' id='word_1_174' title='bbox 550 2007 607 2058; x_wconf 76' lang='grc' dir='ltr'><strong><em>ἐστι</em></strong></span> <span class='ocrx_word' id='word_1_175' title='bbox 621 2000 668 2057; x_wconf 86' lang='grc' dir='ltr'><strong><em>καὶ</em></strong></span> <span class='ocrx_word' id='word_1_176' title='bbox 693 2001 796 2074; x_wconf 87' lang='grc' dir='ltr'><strong><em>μακραὶ</em></strong></span> <span class='ocrx_word' id='word_1_177' title='bbox 810 2002 865 2070; x_wconf 88' lang='grc' dir='ltr'><strong><em>μέν,</em></strong></span> 
     </span>
     <span class='ocr_line' id='line_1_24' title="bbox 98 2081 866 2157; baseline -0.001 -16"><span class='ocrx_word' id='word_1_178' title='bbox 98 2081 163 2143; x_wconf 84' lang='grc' dir='ltr'><strong><em>ὅσαι</em></strong></span> <span class='ocrx_word' id='word_1_179' title='bbox 190 2087 388 2156; x_wconf 74' lang='grc' dir='ltr'><strong><em>συνεστήκασιν</em></strong></span> <span class='ocrx_word' id='word_1_180' title='bbox 408 2090 436 2143; x_wconf 78' lang='grc' dir='ltr'><strong><em>ἐκ</em></strong></span> <span class='ocrx_word' id='word_1_181' title='bbox 449 2089 500 2142; x_wconf 82' lang='grc' dir='ltr'><strong><em>τῶν</em></strong></span> <span class='ocrx_word' id='word_1_182' title='bbox 511 2089 669 2156; x_wconf 86' lang='grc' dir='ltr'><strong><em>φωνηέντων</em></strong></span> <span class='ocrx_word' id='word_1_183' title='bbox 683 2087 734 2141; x_wconf 85' lang='grc' dir='ltr'><strong><em>τῶν</em></strong></span> <span class='ocrx_word' id='word_1_184' title='bbox 747 2087 866 2157; x_wconf 85' lang='grc' dir='ltr'><strong><em>μακρῶν,</em></strong></span> 
     </span>
     <span class='ocr_line' id='line_1_25' title="bbox 98 2163 868 2246; baseline -0.004 -19"><span class='ocrx_word' id='word_1_185' title='bbox 98 2167 116 2236; x_wconf 81' lang='grc' dir='ltr'><em>ἢ</em></span> <span class='ocrx_word' id='word_1_186' title='bbox 129 2173 182 2227; x_wconf 81' lang='grc' dir='ltr'><strong><em>τῶν</em></strong></span> <span class='ocrx_word' id='word_1_187' title='bbox 197 2171 336 2246; x_wconf 83' lang='grc' dir='ltr'><strong><em>διχρόνων,</em></strong></span> <span class='ocrx_word' id='word_1_188' title='bbox 349 2166 418 2226; x_wconf 78' lang='grc' dir='ltr'><strong><em>ὅταν</em></strong></span> <span class='ocrx_word' id='word_1_189' title='bbox 430 2173 539 2244; x_wconf 81' lang='grc' dir='ltr'><strong><em>μακρῶς</em></strong></span> <span class='ocrx_word' id='word_1_190' title='bbox 557 2173 716 2243; x_wconf 74' lang='grc' dir='ltr'><strong><em>ἐκφέρηται,</em></strong></span> <span class='ocrx_word' id='word_1_191' title='bbox 743 2167 790 2224; x_wconf 77' lang='grc' dir='ltr'><strong><em>καὶ</em></strong></span> <span class='ocrx_word' id='word_1_192' title='bbox 804 2163 868 2226; x_wconf 83' lang='grc' dir='ltr'><strong><em>ὅσαι</em></strong></span> 
     </span>
     <span class='ocr_line' id='line_1_26' title="bbox 98 2252 866 2330; baseline 0.004 -22"><span class='ocrx_word' id='word_1_193' title='bbox 98 2255 230 2329; x_wconf 88' lang='grc' dir='ltr'><strong><em>λήγουσιν</em></strong></span> <span class='ocrx_word' id='word_1_194' title='bbox 240 2252 276 2320; x_wconf 81' lang='grc' dir='ltr'><strong><em>εἷς</em></strong></span> <span class='ocrx_word' id='word_1_195' title='bbox 287 2256 401 2330; x_wconf 89' lang='grc' dir='ltr'><strong><em>μακρδν,</em></strong></span> <span class='ocrx_word' id='word_1_196' title='bbox 423 2252 561 2328; x_wconf 82' lang='grc' dir='ltr'><strong><em>ἢμακρῶς</em></strong></span> <span class='ocrx_word' id='word_1_197' title='bbox 577 2255 720 2329; x_wconf 83' lang='grc' dir='ltr'><strong><em>λεγόμενον</em></strong></span> <span class='ocrx_word' id='word_1_198' title='bbox 744 2258 866 2330; x_wconf 83' lang='grc' dir='ltr'><strong><em>γράμμα,</em></strong></span> 
     </span>
     <span class='ocr_line' id='line_1_27' title="bbox 98 2334 868 2415; baseline 0.003 -22"><span class='ocrx_word' id='word_1_199' title='bbox 98 2334 156 2406; x_wconf 88' lang='grc' dir='ltr'><strong><em>ήτοι</em></strong></span> <span class='ocrx_word' id='word_1_200' title='bbox 172 2340 225 2395; x_wconf 71' lang='grc' dir='ltr'><strong><em>τῶν</em></strong></span> <span class='ocrx_word' id='word_1_201' title='bbox 237 2335 398 2415; x_wconf 72' lang='grc' dir='ltr'><strong><em>ἡμιφώνων,</em></strong></span> <span class='ocrx_word' id='word_1_202' title='bbox 424 2335 441 2408; x_wconf 88' lang='grc' dir='ltr'><strong><em>ή</em></strong></span> <span class='ocrx_word' id='word_1_203' title='bbox 455 2336 585 2411; x_wconf 84' lang='grc' dir='ltr'><strong><em>ἀφώνων·</em></strong></span> <span class='ocrx_word' id='word_1_204' title='bbox 611 2341 736 2415; x_wconf 75' lang='grc' dir='ltr'><strong><em>βραχεῖαι</em></strong></span> <span class='ocrx_word' id='word_1_205' title='bbox 751 2339 788 2407; x_wconf 87' lang='grc' dir='ltr'><strong><em>δέ,</em></strong></span> <span class='ocrx_word' id='word_1_206' title='bbox 804 2336 868 2397; x_wconf 82' lang='grc' dir='ltr'><strong><em>ὅσαι</em></strong></span> 
     </span>
     <span class='ocr_line' id='line_1_28' title="bbox 97 2421 869 2502; baseline 0.001 -23"><span class='ocrx_word' id='word_1_207' title='bbox 97 2425 294 2495; x_wconf 76' lang='grc' dir='ltr'><strong><em>συνεστήκασιν</em></strong></span> <span class='ocrx_word' id='word_1_208' title='bbox 319 2427 350 2480; x_wconf 67' lang='lat' dir='ltr'><strong><em>eu</em></strong></span> <span class='ocrx_word' id='word_1_209' title='bbox 374 2425 489 2498; x_wconf 79' lang='grc' dir='ltr'><strong><em>βραχέος</em></strong></span> <span class='ocrx_word' id='word_1_210' title='bbox 514 2425 676 2495; x_wconf 89' lang='grc' dir='ltr'><strong><em>φωνήεντος,</em></strong></span> <span class='ocrx_word' id='word_1_211' title='bbox 702 2421 720 2495; x_wconf 80' lang='grc' dir='ltr'><em>ἢ</em></span> <span class='ocrx_word' id='word_1_212' title='bbox 751 2427 869 2502; x_wconf 78' lang='grc' dir='ltr'><strong><em>βραχέως</em></strong></span> 
     </span>
     <span class='ocr_line' id='line_1_29' title="bbox 99 2503 874 2586; baseline 0 -22"><span class='ocrx_word' id='word_1_213' title='bbox 99 2510 321 2583; x_wconf 76' lang='grc' dir='ltr'><strong><em>λαμβανομένου,</em></strong></span> <span class='ocrx_word' id='word_1_214' title='bbox 334 2503 457 2565; x_wconf 80' lang='grc' dir='ltr'><strong><em>καλέσαι</em></strong></span> <span class='ocrx_word' id='word_1_215' title='bbox 470 2509 599 2580; x_wconf 89' lang='grc' dir='ltr'><strong><em>λήγουσιν</em></strong></span> <span class='ocrx_word' id='word_1_216' title='bbox 610 2507 646 2575; x_wconf 82' lang='grc' dir='ltr'><strong><em>εἰς</em></strong></span> <span class='ocrx_word' id='word_1_217' title='bbox 657 2511 755 2568; x_wconf 76' lang='grc' dir='ltr'><strong><em>ταῦτα.</em></strong></span> <span class='ocrx_word' id='word_1_218' title='bbox 770 2512 874 2586; x_wconf 79' lang='grc' dir='ltr'><strong><em>μήκους</em></strong></span> 
     </span>
     <span class='ocr_line' id='line_1_30' title="bbox 98 2591 893 2679; baseline 0.006 -30"><span class='ocrx_word' id='word_1_219' title='bbox 98 2592 127 2649; x_wconf 89' lang='grc' dir='ltr'><strong><em>δέ</em></strong></span> <span class='ocrx_word' id='word_1_220' title='bbox 140 2593 188 2652; x_wconf 83' lang='grc' dir='ltr'><strong><em>καλ</em></strong></span> <span class='ocrx_word' id='word_1_221' title='bbox 207 2593 378 2669; x_wconf 75' lang='grc' dir='ltr'><strong><em>βραχύτητος</em></strong></span> <span class='ocrx_word' id='word_1_222' title='bbox 399 2595 541 2670; x_wconf 82' lang='grc' dir='ltr'><strong><em>συλλαβῶν</em></strong></span> <span class='ocrx_word' id='word_1_223' title='bbox 560 2591 596 2655; x_wconf 80' lang='grc' dir='ltr'><strong><em>οὐ</em></strong></span> <span class='ocrx_word' id='word_1_224' title='bbox 612 2597 667 2675; x_wconf 80' lang='grc' dir='ltr'><strong><em>μέα</em></strong></span> <span class='ocrx_word' id='word_1_225' title='bbox 681 2598 788 2679; x_wconf 77' lang='grc' dir='ltr'><strong><em>φὺοις,</em></strong></span> <span class='ocrx_word' id='word_1_226' title='bbox 818 2594 893 2656; x_wconf 66' lang='grc' dir='ltr'><strong><em>ἀλλὰ</em></strong></span> 
     </span>
    </p>
   </div>
   <div class='ocr_carea' id='block_1_3' title="bbox 0 0 985 2954">
    <p class='ocr_par' dir='ltr' id='par_1_4' title="bbox 0 0 985 2954">
     <span class='ocr_line' id='line_1_31' title="bbox 0 0 985 2954; baseline 0 0"><span class='ocrx_word' id='word_1_227' title='bbox 0 0 985 2954; x_wconf 95' lang='lat' dir='ltr'><strong><em> </em></strong></span> 
     </span>
    </p>
   </div>
  </div>
 </body>
</html>
