1950 2954
155 195 203 244 DE
214 191 340 246 ADMlR.
348 193 386 244 VI
394 192 541 244 DICENDI
550 192 589 245 IN
598 194 780 246 DEMOSTH.
817 200 867 255 175

104 302 171 372 ,,τιὶς
183 298 277 367 φύσεις
290 297 371 365 ὄντες,
400 297 474 362 οἵους
492 293 573 372 άλίγῳ
591 301 721 374 πρότερον
741 299 864 369 ύιήλθον,

104 377 191 454 ,μεθ’
211 379 301 439 ὅπλων
321 380 552 461 κινδυνεύουσιν]
573 379 640 440 άλλά
660 386 714 457 γάρ
732 381 813 460 [καί]
833 388 866 439 τά

104 469 192 538 ,κατά
218 468 266 534 τήν
291 469 370 523 πόλιν
397 464 461 523 ἶύών
488 462 522 522 άν
536 487 575 531 τις
588 469 673 531 καλῶς
686 467 867 541 διοικούμενα,

103 550 171 620 ,καί
184 551 310 626 περὶτῶν
323 550 410 607 άλλονν
423 552 600 627 θαρσήσειεν,
630 546 685 608 ἄλλ’
705 547 755 608 σύν
777 551 812 608 άν
826 547 870 608 ἐπ’

102 632 218 705 ,,αύτοῖς
244 635 350 700 τούτοις
377 631 487 709 μάλιστ’
518 633 744 712 άγοινακτήσειεν,Ι
774 638 869 701 οἵτινες

102 717 289 796 ,,αύτόχθονες
305 722 353 791 μὲν
368 715 437 776 εἶναι
457 721 560 792 φαμὲν,
588 721 634 779 καί
646 724 694 790 τήν
708 724 787 778 πόλιν
799 722 867 779 ταύ·

101 826 170 877 ,,την
197 808 329 881 προτέραν
356 801 514 874 οἰκισθῆναι
539 807 590 861 τῶν
604 802 702 862 ἄλλων·
729 809 866 881 προσήκον

102 884 151 957 ,,ύ’
165 885 237 960 ήμάς
248 884 316 944 εἶναι
329 892 381 945 τῶν
394 883 481 944 άλλων
496 889 669 964 παράδειγμα
683 891 731 944 τού
749 892 833 956 καλῶς
840 911 867 945 τε

101 972 166 1046 ,καί
180 976 346 1048 τεταγμένως
363 973 567 1040 πολιτεύεσθαι,
584 978 676 1050 γείρον
690 973 734 1030 καὶ
749 995 865 1050 ταραχω·

101 1059 246 1134 ,,ίίστερον
273 1059 321 1127 τήν
348 1053 478 1134 ἡμετέραν
505 1053 594 1115 ούτῶν
618 1058 789 1130 διοικοῦμεν,
815 1062 865 1115 τῶν

102 1140 184 1217 ,,άρτι
197 1146 245 1210 τάς
259 1145 348 1207 πόλεις
367 1140 528 1207 οἰκιζόντων.
554 1142 600 1199 καί
614 1145 805 1215 σεμνυνόμεθα
817 1146 866 1216 μὲν

101 1227 167 1303 ,,καλ
192 1231 448 1302 μεγαλοφρονοῦμεν
474 1224 519 1282 ἐντί
537 1226 574 1301 τῷ
592 1228 698 1300 βέλτιον
715 1230 767 1284 τῶν
780 1223 865 1284 ἄλλων

102 1313 272 1387 ,γεγονέναν
299 1313 368 1386 ῥᾷον
386 1311 414 1368 δὲ
427 1309 605 1385 μεταδίδομεν
623 1313 679 1374 τοῖς
690 1313 866 1383 βουλομένοις

101 1395 215 1467 ,ταύτης
227 1399 273 1465 τῆς
286 1391 432 1470 εύγενείας,
458 1391 476 1462 ή
493 1396 642 1471 Τριβαλλοί
654 1415 680 1449 τε
694 1395 741 1452 καί
755 1402 866 1452 Λευκα-

101 1478 163 1547 ,,νολ
183 1482 227 1548 τῆς
246 1478 369 1561 [ούτῶν]
392 1480 584 1556 ύυσγενείας.“

167 1568 212 1622 18.
234 1560 278 1620 ‘H
290 1564 339 1638 μίν
358 1554 409 1621 σύν
429 1560 600 1642 Ἰσοκράτους
620 1559 717 1633 ίάξιςή
739 1564 865 1621 κάλλιστα

101 1651 151 1703 τῶν
166 1645 249 1705 ἄλλων
264 1649 387 1707 ύσκούσοι
402 1649 483 1720 ἔχειν,
513 1649 625 1720 τοιαύτη
644 1651 683 1715 τίς
699 1653 770 1718 ἐστι,
799 1653 865 1706 νεολ-

101 1735 151 1787 λῶν
163 1733 210 1805 μὲν
225 1732 302 1787 ἕνεκα
318 1736 470 1806 θαυμάζειν
484 1732 559 1795 άξία·
587 1734 737 1812 καθαρεύει
749 1755 777 1790 τε
803 1737 863 1808 γάρ.

102 1817 176 1879 εἴτις
189 1811 263 1884 άλλη,
292 1820 349 1880 τοῖς
364 1820 493 1888 νοήμασι,
520 1818 565 1873 καί
578 1821 626 1887 τήν
640 1817 781 1874 διάλεκτόν
794 1822 865 1874 ἐστιν

101 1896 225 1973 άκριβής·
254 1901 359 1973 φανερά
373 1895 401 1954 τ’
418 1899 474 1955 ίστί
488 1900 535 1956 καί
546 1903 638 1971 κοινή·
664 1899 709 1957 καί
724 1904 770 1963 τάς
784 1895 865 1965 άλλος

101 1981 197 2059 άρετάς
210 1981 316 2048 άιιάσας
337 1985 519 2057 περιείληφεν,
546 1988 574 2049 st
587 1971 624 2040 τίεν
639 1982 673 2039 άν
692 1985 809 2057 μάλιστα
823 1986 864 2057 γε’-

100 2088 176 2127 νοιτο
192 2067 326 2133 διάλεκτος
344 2069 444 2139 σαφής·
470 2068 587 2133 πολλούς
600 2067 628 2124 ύί
641 2067 687 2124 καὶ
709 2068 759 2122 τῶν
772 2069 865 2124 ίιιιθί-

100 2153 345 2227 τωνκόσμοινίχει.
374 2152 419 2209 καί
432 2153 485 2226 γάρ
501 2149 605 2225 ύιμηλή,
631 2150 678 2207 καί
695 2151 791 2224 σεμνή,
819 2151 865 2207 καί

102 2235 272 2312 άξιωμαιική,
286 2238 470 2312 καλλιρρήμων
483 2257 519 2305 τε,
538 2235 584 2293 καί
596 2231 683 2305 ήύελα,
703 2234 748 2290 καί
763 2229 864 2309 εύμορ-

100 2343 152 2392 φος
166 2322 340 2399 άιιοχρώντως
352 2322 438 2378 ἐστίν·
466 2316 499 2376 ού
506 2321 565 2422 μήν
579 2321 663 2377 τελεία
677 2340 708 2394 γε
721 2319 790 2373 κατά
803 2321 864 2374 τού·

100 2427 131 2462 το
146 2411 176 2463 τὸ
201 2410 292 2481 μέρος·
317 2399 373 2462 ἄλλ’
401 2404 472 2461 ἔστιν
499 2426 535 2463 ων
553 2401 587 2461 άν
601 2427 638 2470 τις
652 2400 738 2474 αύτήν
753 2400 784 2469 ύς
799 2404 864 2459 ίλλι·

100 2493 206 2547 πάντων
217 2492 364 2565 μίμιμαιτο,
389 2489 435 2546 καὶ
447 2485 481 2547 ού
493 2494 532 2564 μά
545 2494 599 2548 Δία
613 2492 664 2547 τῶν
676 2489 863 2562 φαυλοτάτων.

101 2578 206 2650 πρῶτον
218 2577 281 2649 μίν,
307 2577 353 2645 τής
370 2575 530 2650 συντομίας·
560 2574 880 2650 στοχαζομὶνηηλουῖυ

93 2661 205 2731 Μνθῦν,
234 2657 362 2739 άίιγοιρεί
381 2665 514 2735 πολλάκις
529 2668 582 2725 τού
610 2663 744 2742 μετρίου·
776 2653 861 2727 ww
874 2646 913 2695 ξ*
