1950 2954
106 198 140 272 54
225 190 387 243 DIONYSII
405 187 750 243 HALICARNASSENSIS

108 304 162 366 τοῖς
176 299 357 372 ὑποκειμένοις
384 295 519 373 ἁρμόττον
538 298 633 370 ἐφάνη.
657 296 703 353 ιιαί
724 292 775 353 οδιι
791 295 869 354 άλλο·

106 387 168 459 τρίρι
181 387 311 458 κέχρημαι
333 384 381 438 τοῦ
396 383 555 456 πράγματος
569 379 660 438 εἰκόνι.
685 383 803 454 μουσική
815 385 870 459 γάρ

105 491 143 536 τις
157 458 188 538 νῖν
207 468 253 525 καί
275 463 291 535 ῖς
318 469 369 522 τῶν
395 468 536 522 πολιτικῶν
562 467 648 540 λόγων
668 466 808 538 ἐπιστήμη,
833 467 869 539 τῷ

104 556 179 626 ποσῷ
191 552 387 618 διαλλάττουσα
402 555 447 622 τῆς
460 555 487 606 έν
507 547 587 623 ᾠδαῖς
600 548 646 606 ναί
657 546 796 624 όργάνοις,
813 546 869 606 οὐ·

103 637 130 707 χῖ
144 636 179 710 τῷ
191 635 268 710 ποιρῖ.
293 636 341 691 καὶ
356 637 410 710 γάρ
430 641 457 691 ἐν
473 634 556 710 ταύτῃ
570 633 617 689 καί
629 635 708 706 μέλος
720 633 827 704 ἔχουσιν
839 633 869 690 αῖ

104 723 186 788 λέξεις,
215 720 261 776 ταί
287 722 408 794 ῥυθμόν,
437 720 483 776 καί
507 719 668 792 μεταβολὴν,
694 716 741 774 καὶ
753 720 866 794 πρέπον·

106 801 170 863 ῶστε
184 805 229 860 καί
247 804 291 860 ἐπὶ
304 798 431 874 ταίτηςίς
447 801 515 872 άιιοιὶ
530 805 653 879 τέρπεται
665 804 713 874 μὲν
728 805 783 868 τοῖς
794 806 868 875 μέλε·

104 909 156 959 σιν,
182 884 276 963 άγεται
290 888 319 944 δι’
332 892 387 954 τοῖς
404 891 537 963 ῥυθμοῖς,
566 885 712 953 άσπάζιται
727 885 755 941 δι’
766 890 812 953 τάς
822 908 868 959 με·

104 975 233 1045 ταβολάς,
261 977 346 1029 ποθεῖ
364 967 391 1028 δ’
416 972 462 1028 ἐπί
479 974 586 1029 πάντων
610 971 642 1025 τό
662 967 776 1027 οῖιιεῖον·
802 967 819 1040 ἡ
840 971 870 1028 δέ

106 1056 235 1131 διαλλαγὴ
255 1059 325 1113 κατά
342 1059 372 1112 τό
390 1057 495 1129 μάλλον
507 1053 555 1111 καί
569 1042 657 1123 ἦττον.

170 1144 313 1196 Διαλέκτου
329 1143 378 1213 μέν
391 1128 441 1201 σίν
453 1143 531 1211 μέλος
545 1136 583 1195 ἐνί
601 1142 738 1213 μετρεῖται
754 1139 868 1208 διαστή-

104 1244 169 1294 ματι
184 1224 220 1295 τῷ
232 1226 362 1296 λεγομένῳ
374 1225 429 1279 Διά
443 1227 529 1290 πέντε,
547 1221 581 1288 οῖς
593 1223 717 1298 ἔγγιστα·
746 1223 792 1280 καί
806 1219 869 1279 οὔτε

104 1310 263 1363 ἐπιτείνεται
282 1311 349 1378 πέρα
367 1309 419 1361 τῶν
438 1309 516 1384 τριῶν
542 1311 625 1362 τόνων
653 1305 701 1363 καί
726 1303 869 1380 ἡμιτονίου

104 1390 149 1449 όπί
163 1394 193 1446 τό
204 1390 263 1463 όξι),
288 1386 351 1446 οὔτε
362 1387 465 1446 άνίτται
478 1393 641 1466 τοῦχωρίου
660 1390 760 1447 τούτου
778 1395 869 1448 πλεῖον

105 1475 193 1532 έπίτό
208 1475 290 1550 βάρίι.
318 1471 350 1531 οὔ
374 1475 428 1546 μὴν
454 1471 548 1532 άπασά
574 1497 603 1548 γε
622 1471 637 1545 ἦ
654 1471 745 1544 λίξιςὴ
761 1471 827 1530 καθ’
842 1473 869 1531 ἓν

104 1560 201 1632 μόριον
214 1561 298 1630 λόγου
310 1560 454 1629 ταττομένη
475 1563 520 1629 τῆς
538 1555 620 1628 αὐτῆς
634 1560 737 1634 λέγεται
756 1561 869 1625 τάσεως·

105 1638 161 1700 ἄλλ’
182 1639 198 1713 ἡ
212 1645 260 1714 μέν
274 1642 318 1698 ἐπί
332 1644 378 1710 τῆς
391 1640 491 1711 ὀξείας,
519 1639 535 1714 ἦ
550 1638 577 1698 δ’
591 1642 635 1699 έπί
648 1646 694 1712 τῆς
706 1643 826 1717 βαρείας,
852 1639 868 1712 ἦ

105 1722 127 1782 δ’
142 1721 182 1782 ἐπ’
198 1723 315 1798 άμφοῖν.
341 1723 429 1795 τῶνδ’
456 1724 608 1803 άμφοτίρας
628 1729 675 1790 τάς
688 1729 776 1792 τάσεις
788 1732 868 1799 ἐχου-

106 1811 158 1867 σῶν
185 1812 215 1863 αῖ
243 1812 292 1882 μέν
301 1812 369 1866 κατά
387 1812 454 1884 μίαν
480 1811 618 1883 συλλαβὴν
644 1816 867 1887 συνεφθαρμένον

105 1893 194 1964 έχουσι
208 1893 245 1966 τῷ
262 1891 315 1958 όξιῖ
334 1897 363 1950 τό
382 1896 472 1971 βαρὺ,
499 1889 531 1960 οῖς
552 1893 584 1962 δά
603 1896 804 1969 περισπωμένας
821 1916 866 1953 νοι-

106 1981 216 2049 λοῶμεν·
237 1976 266 2032 αἱ
279 1979 308 2034 δέ
329 1983 356 2036 έν
375 1982 451 2053 ἑτέρῳ
464 1999 491 2035 τε
504 1977 551 2033 τισί
563 1978 641 2053 ἑτέρῳ
652 1976 730 2053 χωρίς
742 1981 868 2055 ἑκάτερον

105 2057 146 2132 ἐφ’
161 2064 259 2119 ἑαυτοῦ
273 2063 323 2131 τήν
338 2059 440 2117 οῖιιιίαν
457 2064 594 2131 φυλάττον
613 2061 715 2135 φάσιν.
742 2061 790 2118 καί
808 2066 868 2127 ταῖς

105 2147 152 2218 μίν
173 2147 344 2219 δισυλλάβοις
358 2141 436 2202 οόδέν
455 2148 485 2201 τό
505 2147 550 2202 διά
566 2146 652 2219 μέσου
667 2146 766 2224 χωρίον
778 2148 867 2221 βαρὺ·

103 2251 182 2298 τιςτος
201 2230 247 2286 καί
265 2228 402 2299 όξότνςτος·
429 2235 488 2294 τοῖς
507 2230 534 2285 δέ
552 2231 784 2302 πολυσυλλάβοις,
810 2224 867 2288 οἷαί

104 2309 164 2369 ποτ’
178 2311 212 2369 ἂν
227 2303 301 2388 ὦσιν,
317 2310 342 2383 ἡ
357 2316 405 2369 τόν
419 2311 480 2375 όξίν
492 2316 572 2369 τόνον
584 2313 682 2384 ῖγουσα
694 2317 745 2386 μία
757 2317 786 2370 έν
801 2320 866 2371 πολ·

103 2399 161 2462 λαῖς
171 2398 294 2471 βαρείαις
310 2396 417 2452 ῖνεστιν.
443 2393 501 2466 ἡδ’
524 2394 651 2472 όργανιιιὴ
670 2419 697 2453 τε
716 2399 762 2454 καί
781 2394 864 2472 ρῖδιιιὴ

102 2481 193 2552 μοῦσα
208 2481 370 2552 διαστήμασί
387 2501 415 2536 τε
431 2483 529 2553 γρῆται
543 2482 679 2555 πλείοσιν,
711 2478 745 2538 οδ
759 2483 794 2556 τῷ
820 2483 865 2538 διά

103 2564 179 2619 πέντε
195 2566 292 2635 μόνον,
321 2559 383 2619 ἀλλ’
401 2561 455 2620 άπό
474 2566 523 2622 τοῦ
543 2565 587 2620 διά
605 2568 699 2622 πασῶν
719 2563 863 2644 οῖρξσμίνη,

89 2646 146 2696 κατ’
160 2650 193 2699 τά
219 2647 269 2702 διά
292 2648 372 2704 πέντε
394 2648 515 2722 μελῳδεῖ,
542 2648 588 2704 καί
605 2650 636 2704 τό
656 2650 701 2707 διά
718 2652 861 2727 τεσσάρων.
