1950 2954
142 195 177 252 44
272 193 437 255 DIONYSII
457 190 799 245 HALICARNASSENSIS

143 297 253 362 τοιιόείς
264 295 449 355 ἀποτελοῦντα
455 298 519 364 τοὺς
531 292 619 369 ἤχους.
632 294 713 376 ἀχαρι
727 297 756 354 δὲ
769 296 819 354 καί
830 293 906 367 ἀηόίς

144 384 174 438 τό
188 402 213 450 υ,
228 382 283 452 καί,
302 386 325 438 ιλ
338 384 497 455 πλεονάσαι,
511 382 621 458 σφόόρα
634 385 727 439 λιταί·
754 380 907 455 θηριώδους

142 469 195 540 γάρ
207 465 252 522 καλ
267 465 370 540 ἀλόγου
381 468 496 540 μᾶλλον,
510 465 528 535 ἢ
540 470 658 541 λογικῆς,
671 471 843 540 ἐφάπτεσθαι
858 467 907 522 ώσ-

144 555 184 607 ιιιί
198 554 287 621 φωνῆς
300 551 317 607 ό
338 554 483 626 συριγμός·
509 553 561 607 τών
573 553 642 623 γοῦν
656 552 776 608 παλαιών
790 544 908 615 σιτανλαις

143 636 255 708 ἐχρῶντό
270 656 337 700 τινες
353 631 425 708 αάτρί
451 634 497 691 καλ
524 639 737 710 πεφυλαγμένως.
765 630 868 708 τίσίόὲ,
882 631 911 690 ολ

143 717 275 791 ἀσίγμους
294 715 367 792 ώόάς
382 716 446 784 ὅλας
458 719 582 777 ἐποίουν·
610 719 689 790 όηλοῖ
702 720 730 776 δι’
743 720 824 776 τοῦτο
839 719 908 775 Πίν·

144 803 232 879 όαρος,
247 798 327 868 ἐνοίς
345 824 427 876 φησι·
448 804 544 879 »Πρὶν
568 806 618 878 μὲν
642 798 723 880 ἤριπε
750 792 906 874 σγοινοτενῆ

144 891 309 958 ,φωνήεντα
329 889 525 962 διθυράμβων,
554 889 598 945 καί
625 889 656 944 τό
682 891 741 944 Σιλν
767 886 908 960 κίβόαλον,

144 970 336 1046 ,,ίι’νθροιττοι.“
355 976 437 1046 τριών
448 973 476 1029 os*
491 977 542 1028 τῶν
554 967 640 1030 ἀλλων
653 974 825 1046 γραμμάτων,
842 964 907 1041 ἀώρ

144 1061 225 1114 όιιιλά
239 1061 374 1126 καλιίται,
400 1061 430 1114 τό
450 1058 577 1128 ζμάλλον
590 1052 681 1126 ἦόώνει
695 1060 743 1126 τήν
757 1056 842 1129 ἀκοίν
855 1058 907 1112 τών

143 1146 246 1216 ἑτέρων.
261 1145 292 1198 τό
305 1143 354 1213 μὲν
366 1144 461 1216 γάρξ,
490 1140 637 1212 όιάτοῖνιι,
665 1141 906 1215 τόόίψ,όιάτσῖι

144 1241 172 1289 ιι,
187 1227 234 1280 τόν
247 1227 379 1297 συριγμόν
393 1223 557 1295 ἀαοόίόωσι,
586 1226 670 1297 ψιλῶν
688 1224 772 1281 όντων
785 1223 906 1298 ἀμφοτέ-

142 1327 203 1377 ρων.
231 1303 454 1382 τοῦτοό’ἧσυγῂ
480 1308 516 1382 τρί
541 1309 841 1382 πνείμαιιόαοίνιται,
861 1309 907 1365 καί

143 1392 199 1449 ἔστι
212 1394 264 1447 ’τών
278 1393 414 1466 ὁμογενῶν
434 1396 633 1467 γενναιότατον.
659 1395 706 1450 καλ
719 1392 780 1469 περί
791 1395 841 1464 μὲν
856 1394 905 1448 τών

144 1473 286 1547 ἡμιφώνων
299 1479 429 1534 τοιαῦτα.

206 1563 266 1621 Τῶν
286 1559 314 1616 δι’
332 1564 503 1634 καλουμένων
517 1559 631 1631 ἀφώνων
644 1566 720 1618 ἐννέα
733 1561 827 1631 όντων,
844 1582 904 1633 τρια

142 1647 191 1717 μέν
203 1648 261 1700 ἐστι
276 1648 357 1718 φιλά,
371 1646 433 1718 τρία
447 1646 476 1701 όί
490 1647 573 1702 όασία
580 1693 590 1718 ,
616 1647 677 1721 τρία
692 1646 719 1721 dg·
732 1647 829 1716 μεταξὺ
843 1645 906 1701 τοί-

142 1748 203 1784 των.
219 1732 285 1801 φιλά
298 1731 347 1801 μὲν
359 1732 392 1786 τό
405 1751 432 1785 τι
445 1752 469 1802 κ,
483 1730 531 1785 καί
545 1732 574 1787 τό
588 1753 618 1796 π,
633 1731 678 1786 καί
692 1733 764 1785 τότ·
780 1729 863 1787 όασία
878 1730 906 1785 όέ

143 1814 212 1868 τότε
227 1835 258 1882 γ,
274 1812 320 1868 καί
334 1816 414 1885 τόφ,
429 1813 474 1870 καί
489 1817 661 1870 τόθ’κοινά
675 1815 703 1871 δι’
717 1812 821 1887 ἀμφοῖν
834 1815 865 1868 τό
881 1834 906 1869 τε

142 1918 172 1970 γ,
192 1897 328 1970 καλτόβ,
354 1897 400 1955 καί
415 1899 446 1953 τό
461 1898 486 1953 ό.
514 1901 672 1968 ἐκφωνεῖται
697 1899 725 1954 όί
739 1894 827 1965 αὐτῶν
839 1895 905 1952 ἕκα-

144 2002 207 2037 στον
224 1984 323 2055 τρόπον
347 1982 438 2039 τόνόι·
464 1982 525 2057 τρία
549 1983 613 2055 μὲν,
641 1980 698 2040 ἀπό
723 1985 775 2038 τών
799 1985 904 2050 χειλέων

143 2061 239 2139 ἀιρων,
256 2067 285 2121 τό
300 2089 319 2123 π
333 2064 380 2122 καί
390 2069 420 2122 τό
434 2087 455 2136 φ
469 2066 515 2122 καί
528 2069 559 2123 τό
572 2067 605 2139 β,
620 2062 697 2139 ὅταν,
710 2068 759 2122 τοῖν
774 2068 906 2138 στόματος

143 2154 318 2223 πιεσθέντος,
345 2153 375 2206 τό
403 2152 622 2223 προβαλλόμενον
647 2157 675 2206 ἐν
702 2155 748 2220 τῆς
776 2147 906 2225 ἀρτηρίας

142 2239 247 2305 πνεῦμα
258 2236 326 2310 λίσῃ
341 2239 387 2292 τόν
402 2237 499 2307 ότσμόν
510 2233 604 2292 αὐτοῦ.
618 2235 664 2291 καί
679 2239 759 2308 ψιλόν
770 2238 820 2307 μίν
833 2240 907 2291 ἐστιν

142 2312 231 2374 αὐτῶν
245 2321 276 2373 τό
291 2341 325 2383 π,
353 2319 424 2374 όασύ
438 2319 467 2374 όί
481 2323 511 2376 τό
526 2342 555 2392 φ,
569 2321 652 2392 μέσον
665 2319 693 2376 όὲ
706 2318 811 2391 ἀμφοῖν
825 2321 857 2374 τό
872 2322 905 2388 γλ·

142 2405 190 2456 τοῦ
205 2404 254 2475 μὲν
268 2406 321 2476 γάρ
340 2403 486 2476 ψιλότερόν
499 2408 563 2471 ἐστι,
578 2409 626 2460 τοῦ
638 2405 667 2459 όὲ
682 2404 837 2477 όασίτερον.
852 2407 904 2477 μία

142 2487 188 2541 ιιίν
202 2484 270 2553 αὕτη
285 2487 400 2560 συζυγία
414 2490 491 2562 τριῶν
510 2491 674 2560 γραμμάτων
689 2487 804 2558 ἀφώνων
819 2488 905 2559 ὁμοίω

140 2572 256 2643 σχήματι
268 2574 426 2645 λεγομένων,
455 2575 578 2645 φιλότητι
593 2573 621 2630 όὲ
634 2571 680 2629 καί
694 2573 823 2642 όασίτητι
838 2571 903 2626 όια-

135 2657 282 2723 φιμόντων,
309 2656 369 2730 τρία
388 2656 417 2711 όί
429 2651 498 2713 ἀλλα
512 2658 621 2731 λέγεται,
637 2661 683 2726 τῆς
695 2658 816 2731 γλώσσης
829 2650 906 2730 ἀκρφ
