1950 2954
285 118 331 166 DE
349 116 455 166 LYSIA
473 117 645 168 IVDICIVM.
811 121 863 179 257

99 222 190 292 τίγαις
203 217 348 278 σῖκόλουθα
361 223 531 298 φρονοῦντας
545 219 672 296 εἷσοίγων,
691 222 738 279 καί
754 222 798 279 έπλ
814 225 861 298 μέν

98 310 154 371 τοῖς
173 304 278 372 οῖδίκοις
302 303 474 378 οῗγθομένους
492 306 539 363 καλ
556 310 646 382 λόγοις
660 306 706 364 καλ
719 306 814 384 ἔργοις,
829 311 862 365 τοί

98 393 127 446 δι’
141 391 235 447 δίκαια
248 395 483 490 προαιρουμένους
495 395 591 462 ποιεῖν,
606 391 652 448 καί
666 396 755 450 πάντα
768 415 859 496 παρα

98 477 197 545 πλήσια
209 475 327 542 τούτοις,
343 479 370 538 ἐξ
382 464 418 530 ὧν
430 474 576 541 ίπιεικέςῖ
559 499 591 531 αν
605 476 651 533 καλ
670 480 779 552 μέτριον
791 464 862 545 ἦθος

96 560 209 631 φανείη,
225 561 437 627 κατασκευάζων.
465 581 525 636 περι
515 560 567 616 δέ
584 582 618 617 τα
611 563 710 631 πάθη
730 560 861 636 μαλακώ-

97 645 170 718 τερός
183 648 249 709 ἐστι,
265 643 310 700 καί
325 641 388 701 οὔτε
403 641 537 718 αὐξήσεις,
552 640 613 701 οὔτε
628 646 771 715 δεινώσεις,
799 641 861 702 οεῖτε

98 731 212 797 οἴκτους,
226 723 291 784 οὔθ’
307 723 359 787 ὅσα
373 729 479 792 τούτοις
489 729 546 784 ἐστὶ
565 733 756 803 παραπλήσια,
775 750 861 785 νεανε·

97 816 147 876 κῶς
157 814 231 868 πάνυ
244 813 290 868 καί
311 815 461 888 ἐρρωμένως
475 816 677 869 κατασκευάσαι
691 813 813 878 δυνατός.
828 808 862 870 οὗ

97 898 138 953 δεῖ
152 897 186 964 δὴ
199 899 287 952 ταῦτα
301 901 433 965 ἐπιζητεῖν
447 900 522 970 παρά
534 898 651 954 Λυσίου.
665 893 717 972 κρῖν
730 901 787 962 τοῖς
799 901 862 955 έπε-

96 983 187 1056 λόγοις
199 981 227 1036 δὲ
247 984 278 1038 τό
291 983 339 1053 μέν
356 979 624 1053 ἀνακεφαλαιωτικὸν
645 984 696 1037 τῶν
723 984 862 1057 ῥηθέντων

95 1087 174 1142 μέρος
186 1068 296 1139 μετρίως
322 1087 350 1121 τε
376 1065 421 1121 καί
424 1068 588 1166 χαριέντως
610 1064 773 1140 ιίπαριθμεῖ,
789 1064 862 1123 τόδλ

96 1153 280 1220 mammas
267 1154 362 1215 εκιῖνο,
376 1154 404 1207 όν
417 1173 437 1223 ῳ
424 1137 617 1225 παράκλησίς
631 1172 659 1205 τε
673 1173 719 1207 και
710 1149 803 1217 έλεος
816 1147 861 1206 καλ

96 1235 183 1304 δέησις
194 1234 244 1290 καλ
258 1237 292 1291 τοί
306 1235 412 1298 τσίιτοις
423 1233 555 1304 οῖδελφιί”
540 1256 631 1300 ενεστι,
647 1237 697 1290 τοῖν
705 1235 859 1309 προσίμιον-

95 1340 141 1382 τος
154 1318 321 1392 ἐνδεεστέρως
341 1316 500 1377 ιίποδίδωσι.

159 1408 207 1460 20.
225 1406 355 1467 Τοιοῦτος
367 1404 416 1475 μέν
431 1403 463 1471 δι’]
477 1407 548 1458 ἐστιν
562 1403 578 1458 ό
591 1403 700 1458 Λυσίου
711 1405 855 1477 γαρακνὴρ,

95 1487 129 1553 οῖς
143 1487 194 1559 ἐγὼ
209 1487 283 1556 δόξης
296 1487 345 1555 έχω
364 1487 425 1562 περί
443 1482 538 1542 αὐτοῦ.
565 1485 587 1542 εῖ
602 1487 630 1542 δέ
643 1507 680 1550 τις
693 1483 760 1543 οῖλλα
785 1489 860 1561 παριί

98 1575 182 1629 ταῦτα
197 1570 300 1644 ἔγνωκε,
316 1574 425 1642 λεγέτω·
445 1568 497 1643 κᾷν
510 1560 527 1643 ᾖ
542 1570 731 1642 πιθανώτερα,
760 1573 860 1638 πολλὴν

96 1653 169 1730 αὐτῷ
180 1657 259 1730 χάριν
277 1659 392 1727 εἴσομαι.
422 1655 467 1709 ίνα
494 1655 522 1709 δέ
535 1656 642 1725 βέλτιον
655 1655 692 1727 τῷ
705 1656 861 1728 βουλομένῳ

96 1744 206 1817 γένηται
217 1744 331 1814 μαθεῖν,
346 1742 396 1794 εῖτε
411 1735 500 1812 ὀρθῶς
514 1733 589 1810 ἡμεῖς
602 1742 687 1794 ταῦτα
701 1737 747 1794 καὶ
760 1760 861 1815 προοη·
901 1744 907 1754 “

96 1827 195 1887 κόνεως
214 1826 402 1896 πεπείσμεθα,
430 1825 480 1877 εἴτε
500 1821 545 1877 καί
571 1822 788 1898 διημαρτήκαμεν
813 1824 860 1888 τὴν

96 1912 196 1983 κρίσιν,
205 1910 253 1977 τὴν
268 1911 385 1973 ἐξέτασιν
400 1904 454 1963 οἷπό
468 1909 520 1961 τῶν
533 1903 577 1961 ὑπ’
591 1910 693 1962 ἐκείνου
705 1908 860 1980 γραφέντων

97 1994 261 2066 ποιήσομαι,
288 1992 528 2066 προχειρισάμενός
554 2010 614 2044 τινα
634 1993 729 2064 λόγον·
760 1985 793 2043 οὗ
807 1991 861 2061 γόρ

95 2081 205 2152 ἐγχωρεῖ
219 2079 329 2139 πολλοῖς
340 2080 464 2150 χρῆσθαι
481 2075 705 2148 παραδείγμασιν.
720 2077 746 2136 ἐξ
758 2073 861 2127 ἐκείνου

97 2162 125 2217 δι’
139 2164 187 2229 την
202 2180 230 2215 τε
243 2162 401 2234 προαίρεσιν
427 2159 471 2216 καί
497 2161 545 2227 τὴν
572 2157 686 2229 δύναμιν
699 2157 748 2211 τοῖν
763 2155 858 2232 ιιῖνδρός

96 2246 276 2316 ίπιδείξομτν,
292 2242 414 2318 οῖπογρῇν
429 2241 546 2315 οἰόμενοι
562 2245 662 2316 φυγαῖς
676 2237 859 2304 εὔπαιδεότοις

98 2327 142 2385 καί
152 2331 282 2405 μετρίαις,
296 2331 379 2404 μικροί
393 2349 419 2383 τε
433 2329 553 2401 μεγιίλων
579 2325 627 2380 καί
653 2323 730 2396 ὀλίγα
756 2327 859 2380 πολλῶν

96 2415 226 2484 γενέσθαι
241 2413 379 2487 δείγματα.
406 2412 461 2469 ἔστι
480 2412 509 2467 δέ
523 2411 538 2466 ὁ
551 2413 629 2484 λόγος
648 2413 676 2465 ἐκ
690 2411 742 2464 τῶν
755 2413 858 2482 ἐπιτρο-

99 2498 192 2567 πικῶν,
207 2499 423 2572 ἐπιγραφόμενος
435 2497 505 2552 κατιί
519 2497 704 2568 Διογείτονος,
726 2490 868 2551 δπόθεοο

100 2578 127 2635 δέ
138 2572 204 2651 iim
216 2582 337 2637 τοιόνδε·

131 2661 242 2714 [δεσυντ.
269 2663 296 2709 Τ.
311 2662 338 2711 V.
647 2671 671 2716 R
