1950 2954
183 197 216 246 ,50
306 184 465 236 DIONYSII
485 183 829 239 HALICARNASSENSIS

186 292 309 356 ,πάντας
328 287 513 364 άφαιρεῖσθαι
540 290 587 358 τήν
607 287 738 361 άιόλειαν,
766 293 818 347 τῶν
846 288 948 347 άδλκων

177 374 282 446 ,ἓστλη
310 376 414 431 esino«
438 373 583 447 μεμείωται
599 378 653 448 γάρ
671 370 866 478 κρῖνιαῖιδα”
832 395 883 432 των
901 374 948 430 δυ-

183 464 225 516 οῖν
240 458 480 533 κώλωνόκάτιρον·
507 454 718 528 αάτοτελήδ’“
698 480 734 516 αν
759 448 799 528 ήν,
825 480 848 515 ει
861 480 947 515 ταυτα

183 541 267 609 οὕτως
284 543 431 645 ἐξήνεγκεν·
455 536 625 616 ,,”Ἐγο“ιδ’
608 565 653 599 οτι
669 546 719 617 μέν
737 563 815 599 τινων
833 563 949 617 κατηγο-

102 668 106 673 -
181 630 316 703 ,,ροι”ιντοι,
346 624 379 691 ὡς
397 622 446 682 οὔκ
473 626 666 698 ἐπιτηδείων”
651 649 717 696 εχειν
743 628 791 697 τήν
817 624 947 696 άτὲλειαν,

181 715 304 784 ,,πάντας
324 708 510 784 ἀφαιρεῖσθαι
528 710 574 767 καλ
598 712 660 777 τοὺς
680 712 787 776 δικαίως
801 705 883 781 αὗιής
897 731 949 766 τυ-

182 799 306 866 ,,χόντας,
333 796 384 850 τῶν
398 793 598 862 άδίκωνέστλν,
625 797 728 853 &Aaou
755 789 811 852 ἄλλ’
826 790 950 851 οὗκόδό·

182 902 220 937 κει
245 880 280 952 τῷ
304 882 478 951 Δημοσθένει
503 880 614 937 πλείονα
640 883 784 938 πσιιῖσδαι
804 880 886 953 λόγον
904 882 951 947 τῆς

182 965 320 1041 ἀκριβείας
333 966 383 1018 τῶν
397 965 498 1030 κώλων,
526 960 544 1031 5
557 968 604 1034 τῆς
620 960 778 1039 εάρυθμλσις.

248 1051 343 1105 Ταῦτα
368 1043 398 1102 δ’
416 1045 537 1122 εἰρήσθω
562 1070 610 1120 μοι
627 1049 689 1125 περὶ
710 1052 763 1104 τῶν
778 1048 948 1119 καλουμένων

183 1135 327 1208 περιόδων·
357 1132 403 1189 καὶ
419 1135 473 1206 γάρ
491 1132 601 1198 τσόταις
615 1136 667 1207 χρή
688 1137 747 1198 ταῖς
764 1154 791 1189 ιε
810 1152 948 1207 προηγου-

181 1219 274 1289 μέναις
292 1214 336 1272 καὶ
364 1220 422 1281 ταῖς
441 1216 553 1281 ταύταις
577 1220 720 1288 ἑπομέναις
733 1214 836 1281 οἶκεόως
849 1236 948 1291 συναρι

182 1303 302 1372 μάττειν,
330 1293 396 1354 όταν
408 1304 437 1356 ἐν
451 1305 509 1367 ταῖς
521 1301 656 1377 περιόδοις
669 1303 791 1376 προσήκῃ
806 1301 948 1373 τὸνλόγον

182 1387 311 1459 ἐκφέρειν.
338 1379 371 1439 σά
388 1387 441 1460 γάρ
456 1385 581 1459 πανταχῇ
593 1407 623 1459 γε
636 1386 667 1440 τό
680 1385 840 1461 ἐμπερίοδον
851 1385 945 1459 χρήσι-

182 1490 243 1539 μον,
265 1469 311 1525 καλ
329 1464 397 1526 αὐτό
422 1470 451 1526 δι’
469 1473 550 1527 τοῦτο
568 1473 599 1525 τό
617 1469 746 1546 θεώρημα
760 1473 806 1542 τῆς
818 1472 947 1526 συνθετι-

182 1559 229 1624 ιιής
245 1553 390 1624 ἐπιστήμης
415 1556 493 1622 ἴδιον,
515 1556 581 1611 πότι
594 1555 635 1611 δεῖ
658 1558 780 1631 χρῆσθαι
801 1552 947 1631 περιόδοις,

183 1637 228 1694 καλ
241 1639 318 1715 μέχρι
331 1638 431 1706 πόσου,
456 1640 502 1695 καὶ
516 1641 580 1695 πότι
591 1640 639 1710 μή.

205 1789 299 1856 Qooe'
289 1807 318 1837 ιιι
330 1790 523 1856 compositione
534 1789 683 1856 praecipue
699 1786 849 1857 spectando
860 1795 929 1837 sont·

247 1892 284 1949 Χ
306 1895 495 1965 Λεωρισμόνων
523 1891 555 1961 δή
579 1913 628 1968 μοι
653 1893 768 1960 τούτων,
790 1889 949 1949 άκόλουθον

183 1973 218 2032 όν
244 1977 283 2043 εἴη
308 1978 339 2030 τό
358 1978 449 2049 λέγειν,
476 1977 536 2031 τίνα
556 1978 638 2043 ἐστὶν,
665 1964 700 2032 ὧν
714 1977 755 2033 δει
766 1977 948 2047 στοχάζεσθαι

184 2063 230 2116 τὸν
243 2060 408 2132 βουλόμενον
421 2062 619 2118 συντιθέναι
590 2082 638 2131 την
650 2050 758 2127 λέξιν
728 2083 767 2127 ευ,
785 2083 831 2116 και
821 2060 933 2116 διά
905 2081 948 2115 τι-

184 2166 236 2200 νων
261 2146 443 2220 θεωρημάτων
465 2148 594 2217 τυγχάνοι
621 2166 658 2210 ιις
675 2143 722 2218 άν,
750 2132 788 2202 άν
806 2143 945 2246 pomum.

186 2230 258 2284 δοκεῖ
272 2228 359 2301 δόμοι
373 2228 422 2285 δάσ
437 2231 523 2285 ταῦτα
537 2252 607 2286 ειναι
625 2230 797 2297 τελικώτατα,
826 2251 863 2287 ων
876 2232 950 2303 ἔφλε-

186 2316 255 2368 σθαι
269 2312 309 2368 δεῖ
329 2314 391 2377 τούς
409 2316 587 2379 συντιθέντας
605 2301 635 2370 εδ
647 2316 730 2388 μέτρα
740 2335 768 2371 τι
781 2336 827 2371 και
818 2314 950 2391 λόγους,

185 2392 202 2460 5
221 2417 248 2451 ιι
267 2391 351 2466 ήδονή
370 2397 415 2454 καλ
437 2397 469 2452 τό
488 2399 579 2455 καλόν.
607 2394 747 2476 άμφότερα
763 2401 816 2473 γάρ
833 2401 949 2468 ἐπιζητεῖ

186 2482 272 2536 ταῦτα
286 2474 300 2549 5
315 2476 397 2551 άκοή,
425 2476 521 2554 ὅμοιόν
535 2503 561 2538 ιι
574 2484 720 2550 πάσχουσα
732 2503 765 2557 τη
754 2481 885 2558 δράσει·
904 2482 949 2539 καλ

185 2568 261 2667 γάρ
265 2566 348 2635 όκελνη
374 2567 533 2639 πλάσματα,
560 2566 606 2623 καὶ
611 2569 737 2670 μροιφάς,
764 2565 810 2623 καλ
834 2570 950 2641 γλυφάς,

171 2650 225 2699 και·
234 2668 293 2700 octa
305 2648 535 2727 δημιουργήματα
544 2653 642 2729 χειρῶν
655 2648 837 2728 άνθρωπίνωκ
848 2650 949 2726 όράσο.
