<?xml version="1.0" encoding="UTF-8"?>
<!DOCTYPE html PUBLIC "-//W3C//DTD XHTML 1.0 Transitional//EN"
    "http://www.w3.org/TR/xhtml1/DTD/xhtml1-transitional.dtd">
<html xmlns="http://www.w3.org/1999/xhtml" xml:lang="en" lang="en">
 <head>
  <title>
</title>
<meta http-equiv="Content-Type" content="text/html;charset=utf-8" />
  <meta name='ocr-system' content='tesseract 3.04.00' />
  <meta name='ocr-capabilities' content='ocr_page ocr_carea ocr_par ocr_line ocrx_word'/>
</head>
<body>
  <div class='ocr_page' id='page_1' title='image "./operaomnia02diongoog_0440.png"; bbox 0 0 1950 2954; ppageno 0'>
   <div class='ocr_carea' id='block_1_1' title="bbox 93 179 715 240">
    <p class='ocr_par' dir='ltr' id='par_1_1' title="bbox 93 179 715 240">
     <span class='ocr_line' id='line_1_1' title="bbox 93 179 715 240; baseline 0.008 -12"><span class='ocrx_word' id='word_1_1' title='bbox 93 187 126 240; x_wconf 74' lang='lat'><strong><em>82</em></strong></span> <span class='ocrx_word' id='word_1_2' title='bbox 274 181 438 232; x_wconf 77' lang='grc' dir='ltr'><strong><em>οιοιιτειι</em></strong></span> <span class='ocrx_word' id='word_1_3' title='bbox 458 179 715 233; x_wconf 75' lang='grc' dir='ltr'><strong><em>αιιιοεουεεε.</em></strong></span> 
     </span>
    </p>
   </div>
   <div class='ocr_carea' id='block_1_2' title="bbox 94 283 768 2720">
    <p class='ocr_par' dir='ltr' id='par_1_2' title="bbox 94 283 767 1624">
     <span class='ocr_line' id='line_1_2' title="bbox 94 283 767 362; baseline -0.001 -19"><span class='ocrx_word' id='word_1_4' title='bbox 94 294 142 355; x_wconf 79' lang='grc' dir='ltr'><strong><em>την</em></strong></span> <span class='ocrx_word' id='word_1_5' title='bbox 167 286 290 362; x_wconf 77' lang='grc' dir='ltr'><strong><em>ἱστορίαν</em></strong></span> <span class='ocrx_word' id='word_1_6' title='bbox 316 289 486 352; x_wconf 72' lang='grc' dir='ltr'><strong><em>καταλιπεῖν,</em></strong></span> <span class='ocrx_word' id='word_1_7' title='bbox 515 283 549 347; x_wconf 82' lang='grc' dir='ltr'><strong><em>ῶς</em></strong></span> <span class='ocrx_word' id='word_1_8' title='bbox 579 284 625 340; x_wconf 81' lang='grc' dir='ltr'><strong><em>καί</em></strong></span> <span class='ocrx_word' id='word_1_9' title='bbox 651 290 767 360; x_wconf 83' lang='grc' dir='ltr'><strong><em>Κρατιπ</em></strong></span> 
     </span>
     <span class='ocr_line' id='line_1_3' title="bbox 94 366 767 445; baseline -0.001 -17"><span class='ocrx_word' id='word_1_10' title='bbox 94 375 272 442; x_wconf 81' lang='grc' dir='ltr'><strong><em>συνακμάσας</em></strong></span> <span class='ocrx_word' id='word_1_11' title='bbox 286 368 366 445; x_wconf 76' lang='grc' dir='ltr'><strong><em>αὐτῷ,</em></strong></span> <span class='ocrx_word' id='word_1_12' title='bbox 376 370 423 425; x_wconf 83' lang='grc' dir='ltr'><strong><em>κοιλ</em></strong></span> <span class='ocrx_word' id='word_1_13' title='bbox 436 373 469 425; x_wconf 91' lang='grc' dir='ltr'><strong><em>τά</em></strong></span> <span class='ocrx_word' id='word_1_14' title='bbox 482 370 710 442; x_wconf 75' lang='grc' dir='ltr'><strong><em>παραλειφθέντα</em></strong></span> <span class='ocrx_word' id='word_1_15' title='bbox 725 366 767 427; x_wconf 64' lang='lat' dir='ltr'><strong><em>sm*</em></strong></span> 
     </span>
     <span class='ocr_line' id='line_1_4' title="bbox 95 449 767 530; baseline -0.006 -18"><span class='ocrx_word' id='word_1_16' title='bbox 95 456 265 530; x_wconf 81' lang='grc' dir='ltr'><strong><em>συναγαγὼν,</em></strong></span> <span class='ocrx_word' id='word_1_17' title='bbox 291 497 300 522; x_wconf 87' lang='grc'><strong><em>,</em></strong></span> <span class='ocrx_word' id='word_1_18' title='bbox 326 458 475 528; x_wconf 73' lang='grc' dir='ltr'><strong><em>γέγραφεν·</em></strong></span> <span class='ocrx_word' id='word_1_19' title='bbox 501 449 535 509; x_wconf 83' lang='grc' dir='ltr'><strong><em>οά</em></strong></span> <span class='ocrx_word' id='word_1_20' title='bbox 553 453 640 527; x_wconf 81' lang='grc' dir='ltr'><strong><em>μόνον</em></strong></span> <span class='ocrx_word' id='word_1_21' title='bbox 666 457 728 518; x_wconf 82' lang='grc' dir='ltr'><strong><em>ταῖς</em></strong></span> <span class='ocrx_word' id='word_1_22' title='bbox 742 476 767 513; x_wconf 84' lang='grc' dir='ltr'><strong><em>π</em></strong></span> 
     </span>
     <span class='ocr_line' id='line_1_5' title="bbox 95 534 767 612; baseline -0.003 -16"><span class='ocrx_word' id='word_1_23' title='bbox 95 540 189 602; x_wconf 76' lang='grc' dir='ltr'><strong><em>αὐτοῖς</em></strong></span> <span class='ocrx_word' id='word_1_24' title='bbox 203 537 327 612; x_wconf 80' lang='grc' dir='ltr'><strong><em>ἐμποδῶν</em></strong></span> <span class='ocrx_word' id='word_1_25' title='bbox 351 541 517 612; x_wconf 80' lang='grc' dir='ltr'><strong><em>γεγενῆσθαι</em></strong></span> <span class='ocrx_word' id='word_1_26' title='bbox 541 539 632 610; x_wconf 78' lang='grc' dir='ltr'><strong><em>λέγων,</em></strong></span> <span class='ocrx_word' id='word_1_27' title='bbox 660 534 732 593; x_wconf 84' lang='grc' dir='ltr'><strong><em>άλλά</em></strong></span> <span class='ocrx_word' id='word_1_28' title='bbox 753 559 767 594; x_wconf 88' lang='grc' dir='ltr'><strong><em>ιι</em></strong></span> 
     </span>
     <span class='ocr_line' id='line_1_6' title="bbox 95 617 767 696; baseline 0 -17"><span class='ocrx_word' id='word_1_29' title='bbox 95 623 245 679; x_wconf 82' lang='grc' dir='ltr'><strong><em>άνοάουσιν</em></strong></span> <span class='ocrx_word' id='word_1_30' title='bbox 259 619 375 696; x_wconf 78' lang='grc' dir='ltr'><strong><em>άγληράς</em></strong></span> <span class='ocrx_word' id='word_1_31' title='bbox 388 617 467 679; x_wconf 78' lang='grc' dir='ltr'><strong><em>εἶναι.</em></strong></span> <span class='ocrx_word' id='word_1_32' title='bbox 495 623 576 678; x_wconf 82' lang='grc' dir='ltr'><strong><em>τοῶτά</em></strong></span> <span class='ocrx_word' id='word_1_33' title='bbox 590 623 620 693; x_wconf 82' lang='grc' dir='ltr'><strong><em>γε’</em></strong></span> <span class='ocrx_word' id='word_1_34' title='bbox 633 641 677 677; x_wconf 92' lang='grc' dir='ltr'><strong><em>τοι</em></strong></span> <span class='ocrx_word' id='word_1_35' title='bbox 691 625 767 680; x_wconf 83' lang='grc' dir='ltr'><strong><em>συνίι</em></strong></span> 
     </span>
     <span class='ocr_line' id='line_1_7' title="bbox 96 703 767 780; baseline 0.001 -17"><span class='ocrx_word' id='word_1_36' title='bbox 96 709 150 775; x_wconf 88' lang='grc' dir='ltr'><strong><em>τὸν,</em></strong></span> <span class='ocrx_word' id='word_1_37' title='bbox 177 710 275 771; x_wconf 80' lang='grc' dir='ltr'><strong><em>ίντοίς</em></strong></span> <span class='ocrx_word' id='word_1_38' title='bbox 301 709 463 771; x_wconf 77' lang='grc' dir='ltr'><strong><em>τελευταίοις</em></strong></span> <span class='ocrx_word' id='word_1_39' title='bbox 488 708 535 774; x_wconf 81' lang='grc' dir='ltr'><strong><em>τῆς</em></strong></span> <span class='ocrx_word' id='word_1_40' title='bbox 560 703 682 780; x_wconf 76' lang='grc' dir='ltr'><strong><em>ἱστορίας</em></strong></span> <span class='ocrx_word' id='word_1_41' title='bbox 700 707 767 777; x_wconf 80' lang='grc' dir='ltr'><strong><em>φησί</em></strong></span> 
     </span>
     <span class='ocr_line' id='line_1_8' title="bbox 95 791 767 867; baseline -0.001 -19"><span class='ocrx_word' id='word_1_42' title='bbox 95 794 160 848; x_wconf 86' lang='grc' dir='ltr'><strong><em>υίαν</em></strong></span> <span class='ocrx_word' id='word_1_43' title='bbox 186 793 266 854; x_wconf 80' lang='grc' dir='ltr'><strong><em>τάξαι</em></strong></span> <span class='ocrx_word' id='word_1_44' title='bbox 292 792 451 867; x_wconf 61' lang='grc' dir='ltr'><strong><em>ῥητορείαν.</em></strong></span> <span class='ocrx_word' id='word_1_45' title='bbox 478 792 581 846; x_wconf 89' lang='grc' dir='ltr'><strong><em>πολλῶν</em></strong></span> <span class='ocrx_word' id='word_1_46' title='bbox 596 791 645 863; x_wconf 82' lang='grc' dir='ltr'><strong><em>μίν</em></strong></span> <span class='ocrx_word' id='word_1_47' title='bbox 659 792 732 845; x_wconf 87' lang='grc' dir='ltr'><strong><em>κατά</em></strong></span> <span class='ocrx_word' id='word_1_48' title='bbox 746 812 767 847; x_wconf 73' lang='grc' dir='ltr'><strong><em>τι</em></strong></span> 
     </span>
     <span class='ocr_line' id='line_1_9' title="bbox 96 868 767 950; baseline 0.001 -20"><span class='ocrx_word' id='word_1_49' title='bbox 96 880 156 932; x_wconf 90' lang='grc' dir='ltr'><strong><em>νίσν</em></strong></span> <span class='ocrx_word' id='word_1_50' title='bbox 169 878 325 950; x_wconf 74' lang='grc' dir='ltr'><strong><em>γενομένων,</em></strong></span> <span class='ocrx_word' id='word_1_51' title='bbox 353 877 461 931; x_wconf 82' lang='grc' dir='ltr'><strong><em>πολλῶν</em></strong></span> <span class='ocrx_word' id='word_1_52' title='bbox 474 870 503 929; x_wconf 80' lang='grc' dir='ltr'><strong><em>δ’</em></strong></span> <span class='ocrx_word' id='word_1_53' title='bbox 530 877 558 929; x_wconf 79' lang='grc' dir='ltr'><strong><em>ἐν</em></strong></span> <span class='ocrx_word' id='word_1_54' title='bbox 585 877 643 939; x_wconf 84' lang='grc' dir='ltr'><strong><em>ταῖς</em></strong></span> <span class='ocrx_word' id='word_1_55' title='bbox 654 868 767 944; x_wconf 74' lang='grc' dir='ltr'><strong><em>Ἀθήναι</em></strong></span> 
     </span>
     <span class='ocr_line' id='line_1_10' title="bbox 96 959 755 1035; baseline 0 -19"><span class='ocrx_word' id='word_1_56' title='bbox 96 961 142 1018; x_wconf 87' lang='grc' dir='ltr'><strong><em>διά</em></strong></span> <span class='ocrx_word' id='word_1_57' title='bbox 156 963 242 1034; x_wconf 84' lang='grc' dir='ltr'><strong><em>λόγων</em></strong></span> <span class='ocrx_word' id='word_1_58' title='bbox 260 959 308 1017; x_wconf 83' lang='grc' dir='ltr'><strong><em>καί</em></strong></span> <span class='ocrx_word' id='word_1_59' title='bbox 321 960 493 1034; x_wconf 76' lang='grc' dir='ltr'><strong><em>δημηγοριῶν</em></strong></span> <span class='ocrx_word' id='word_1_60' title='bbox 513 959 649 1035; x_wconf 79' lang='grc' dir='ltr'><strong><em>ἐπράχθη.</em></strong></span> <span class='ocrx_word' id='word_1_61' title='bbox 683 961 711 1014; x_wconf 75' lang='grc' dir='ltr'><strong><em>τί</em></strong></span> <span class='ocrx_word' id='word_1_62' title='bbox 720 962 755 1034; x_wconf 81' lang='grc' dir='ltr'><strong><em>γιί</em></strong></span> 
     </span>
     <span class='ocr_line' id='line_1_11' title="bbox 96 1041 767 1120; baseline -0.004 -17"><span class='ocrx_word' id='word_1_63' title='bbox 96 1047 202 1120; x_wconf 80' lang='grc' dir='ltr'><strong><em>πρώτην</em></strong></span> <span class='ocrx_word' id='word_1_64' title='bbox 216 1045 262 1101; x_wconf 89' lang='grc' dir='ltr'><strong><em>καλ</em></strong></span> <span class='ocrx_word' id='word_1_65' title='bbox 274 1045 321 1115; x_wconf 82' lang='grc' dir='ltr'><strong><em>τήν</em></strong></span> <span class='ocrx_word' id='word_1_66' title='bbox 333 1042 434 1118; x_wconf 79' lang='grc' dir='ltr'><strong><em>ὀγδόην</em></strong></span> <span class='ocrx_word' id='word_1_67' title='bbox 461 1045 559 1118; x_wconf 89' lang='grc' dir='ltr'><strong><em>βίβλον</em></strong></span> <span class='ocrx_word' id='word_1_68' title='bbox 584 1041 767 1120; x_wconf 77' lang='grc' dir='ltr'><strong><em>άντιπαρεξετι</em></strong></span> 
     </span>
     <span class='ocr_line' id='line_1_12' title="bbox 96 1123 762 1206; baseline -0.005 -20"><span class='ocrx_word' id='word_1_69' title='bbox 96 1129 232 1206; x_wconf 70' lang='grc' dir='ltr'><strong><em>άλλὴλαις,</em></strong></span> <span class='ocrx_word' id='word_1_70' title='bbox 261 1124 324 1184; x_wconf 73' lang='grc' dir='ltr'><strong><em>οὔτε</em></strong></span> <span class='ocrx_word' id='word_1_71' title='bbox 346 1132 392 1197; x_wconf 78' lang='grc' dir='ltr'><strong><em>τῆς</em></strong></span> <span class='ocrx_word' id='word_1_72' title='bbox 417 1123 502 1198; x_wconf 79' lang='grc' dir='ltr'><strong><em>αάτῆς</em></strong></span> <span class='ocrx_word' id='word_1_73' title='bbox 527 1123 562 1182; x_wconf 90' lang='grc' dir='ltr'><strong><em>άν</em></strong></span> <span class='ocrx_word' id='word_1_74' title='bbox 575 1129 762 1201; x_wconf 80' lang='grc' dir='ltr'><strong><em>προαιρέσεως</em></strong></span> 
     </span>
     <span class='ocr_line' id='line_1_13' title="bbox 97 1206 764 1291; baseline -0.003 -21"><span class='ocrx_word' id='word_1_75' title='bbox 97 1212 252 1291; x_wconf 79' lang='grc' dir='ltr'><strong><em>άμφοτέρας</em></strong></span> <span class='ocrx_word' id='word_1_76' title='bbox 266 1212 402 1288; x_wconf 78' lang='grc' dir='ltr'><strong><em>ὖπάργειν,</em></strong></span> <span class='ocrx_word' id='word_1_77' title='bbox 427 1208 490 1268; x_wconf 78' lang='grc' dir='ltr'><strong><em>οὔτε</em></strong></span> <span class='ocrx_word' id='word_1_78' title='bbox 512 1214 559 1282; x_wconf 75' lang='grc' dir='ltr'><strong><em>τῆς</em></strong></span> <span class='ocrx_word' id='word_1_79' title='bbox 571 1206 656 1282; x_wconf 80' lang='grc' dir='ltr'><strong><em>αὗτῆς</em></strong></span> <span class='ocrx_word' id='word_1_80' title='bbox 670 1210 764 1286; x_wconf 87' lang='grc' dir='ltr'><strong><em>δυνάμ</em></strong></span> 
     </span>
     <span class='ocr_line' id='line_1_14' title="bbox 97 1294 767 1373; baseline 0 -20"><span class='ocrx_word' id='word_1_81' title='bbox 97 1300 143 1353; x_wconf 81' lang='grc' dir='ltr'><strong><em>ιιίν</em></strong></span> <span class='ocrx_word' id='word_1_82' title='bbox 168 1300 230 1372; x_wconf 80' lang='grc' dir='ltr'><strong><em>γάρ,</em></strong></span> <span class='ocrx_word' id='word_1_83' title='bbox 258 1294 338 1371; x_wconf 79' lang='grc' dir='ltr'><strong><em>ὀλίγα</em></strong></span> <span class='ocrx_word' id='word_1_84' title='bbox 359 1298 510 1371; x_wconf 89' lang='grc' dir='ltr'><strong><em>πράγματα</em></strong></span> <span class='ocrx_word' id='word_1_85' title='bbox 530 1294 577 1352; x_wconf 86' lang='grc' dir='ltr'><strong><em>ναί</em></strong></span> <span class='ocrx_word' id='word_1_86' title='bbox 595 1297 680 1369; x_wconf 86' lang='grc' dir='ltr'><strong><em>μικρά</em></strong></span> <span class='ocrx_word' id='word_1_87' title='bbox 696 1317 767 1373; x_wconf 79' lang='grc' dir='ltr'><strong><em>πτριι</em></strong></span> 
     </span>
     <span class='ocr_line' id='line_1_15' title="bbox 98 1377 767 1456; baseline 0 -18"><span class='ocrx_word' id='word_1_88' title='bbox 98 1382 215 1453; x_wconf 77' lang='grc' dir='ltr'><strong><em>πληθύει</em></strong></span> <span class='ocrx_word' id='word_1_89' title='bbox 241 1383 293 1438; x_wconf 91' lang='grc' dir='ltr'><strong><em>τῶν</em></strong></span> <span class='ocrx_word' id='word_1_90' title='bbox 320 1384 480 1456; x_wconf 78' lang='grc' dir='ltr'><strong><em>ῥητορειῶν·</em></strong></span> <span class='ocrx_word' id='word_1_91' title='bbox 506 1377 522 1449; x_wconf 74' lang='grc' dir='ltr'><em>ἦ</em></span> <span class='ocrx_word' id='word_1_92' title='bbox 551 1380 588 1453; x_wconf 82' lang='grc' dir='ltr'><strong><em>δὲ,</em></strong></span> <span class='ocrx_word' id='word_1_93' title='bbox 614 1379 677 1456; x_wconf 76' lang='grc' dir='ltr'><strong><em>περὶ</em></strong></span> <span class='ocrx_word' id='word_1_94' title='bbox 703 1386 767 1438; x_wconf 78' lang='grc' dir='ltr'><strong><em>πολί</em></strong></span> 
     </span>
     <span class='ocr_line' id='line_1_16' title="bbox 97 1462 767 1540; baseline 0.001 -18"><span class='ocrx_word' id='word_1_95' title='bbox 97 1468 214 1540; x_wconf 78' lang='grc' dir='ltr'><strong><em>μεγάλας</em></strong></span> <span class='ocrx_word' id='word_1_96' title='bbox 233 1469 420 1536; x_wconf 74' lang='grc' dir='ltr'><strong><em>συνταχθεῖσα</em></strong></span> <span class='ocrx_word' id='word_1_97' title='bbox 441 1467 560 1540; x_wconf 74' lang='grc' dir='ltr'><strong><em>πράξεις,</em></strong></span> <span class='ocrx_word' id='word_1_98' title='bbox 589 1462 767 1540; x_wconf 88' lang='grc' dir='ltr'><strong><em>δημηγορικῶ</em></strong></span> 
     </span>
     <span class='ocr_line' id='line_1_17' title="bbox 98 1553 271 1624; baseline 0 -20"><span class='ocrx_word' id='word_1_99' title='bbox 98 1553 158 1616; x_wconf 84' lang='grc' dir='ltr'><strong><em>νίζτι</em></strong></span> <span class='ocrx_word' id='word_1_100' title='bbox 177 1554 271 1624; x_wconf 84' lang='grc' dir='ltr'><strong><em>λόγων.</em></strong></span> 
     </span>
    </p>

    <p class='ocr_par' dir='ltr' id='par_1_3' title="bbox 98 1628 768 2720">
     <span class='ocr_line' id='line_1_18' title="bbox 162 1628 768 1708; baseline 0 -18"><span class='ocrx_word' id='word_1_101' title='bbox 162 1638 208 1690; x_wconf 86' lang='grc'><strong><em>17.</em></strong></span> <span class='ocrx_word' id='word_1_102' title='bbox 223 1629 293 1701; x_wconf 81' lang='grc' dir='ltr'><strong><em>Ἠδη</em></strong></span> <span class='ocrx_word' id='word_1_103' title='bbox 309 1628 333 1688; x_wconf 83' lang='grc' dir='ltr'><strong><em>δ’</em></strong></span> <span class='ocrx_word' id='word_1_104' title='bbox 350 1631 430 1708; x_wconf 71' lang='grc' dir='ltr'><strong><em>ἔγωγε</em></strong></span> <span class='ocrx_word' id='word_1_105' title='bbox 445 1635 490 1689; x_wconf 85' lang='grc' dir='ltr'><strong><em>καί</em></strong></span> <span class='ocrx_word' id='word_1_106' title='bbox 503 1637 532 1689; x_wconf 76' lang='grc' dir='ltr'><strong><em>ἐν</em></strong></span> <span class='ocrx_word' id='word_1_107' title='bbox 546 1628 643 1696; x_wconf 75' lang='grc' dir='ltr'><strong><em>αὐτοῖς</em></strong></span> <span class='ocrx_word' id='word_1_108' title='bbox 657 1630 738 1697; x_wconf 74' lang='grc' dir='ltr'><strong><em>ἔδοξα</em></strong></span> <span class='ocrx_word' id='word_1_109' title='bbox 754 1657 768 1690; x_wconf 90' lang='grc' dir='ltr'><strong><em>τ</em></strong></span> 
     </span>
     <span class='ocr_line' id='line_1_19' title="bbox 98 1714 750 1792; baseline 0.006 -21"><span class='ocrx_word' id='word_1_110' title='bbox 98 1718 214 1789; x_wconf 83' lang='grc' dir='ltr'><strong><em>τορείαις</em></strong></span> <span class='ocrx_word' id='word_1_111' title='bbox 230 1719 311 1772; x_wconf 78' lang='grc' dir='ltr'><strong><em>τοῦτο</em></strong></span> <span class='ocrx_word' id='word_1_112' title='bbox 334 1719 536 1791; x_wconf 75' lang='grc' dir='ltr'><strong><em>συμβεβηκέναι</em></strong></span> <span class='ocrx_word' id='word_1_113' title='bbox 563 1717 599 1791; x_wconf 60' lang='lat' dir='ltr'><strong><em>uf</em></strong></span> <span class='ocrx_word' id='word_1_114' title='bbox 622 1714 703 1792; x_wconf 85' lang='grc' dir='ltr'><strong><em>άνδρί</em></strong></span> <span class='ocrx_word' id='word_1_115' title='bbox 717 1721 750 1775; x_wconf 92' lang='grc' dir='ltr'><strong><em>τδ</em></strong></span> 
     </span>
     <span class='ocr_line' id='line_1_20' title="bbox 98 1797 767 1875; baseline -0.003 -19"><span class='ocrx_word' id='word_1_116' title='bbox 98 1797 164 1857; x_wconf 81' lang='grc' dir='ltr'><strong><em>ὥστε</em></strong></span> <span class='ocrx_word' id='word_1_117' title='bbox 189 1799 250 1875; x_wconf 84' lang='grc' dir='ltr'><strong><em>περὶ</em></strong></span> <span class='ocrx_word' id='word_1_118' title='bbox 272 1802 323 1870; x_wconf 77' lang='grc' dir='ltr'><strong><em>τήν</em></strong></span> <span class='ocrx_word' id='word_1_119' title='bbox 348 1798 433 1871; x_wconf 73' lang='grc' dir='ltr'><strong><em>αὐτὴν</em></strong></span> <span class='ocrx_word' id='word_1_120' title='bbox 456 1802 604 1868; x_wconf 76' lang='grc' dir='ltr'><strong><em>ὑπόθεσιν,</em></strong></span> <span class='ocrx_word' id='word_1_121' title='bbox 631 1800 677 1856; x_wconf 85' lang='grc' dir='ltr'><strong><em>καλ</em></strong></span> <span class='ocrx_word' id='word_1_122' title='bbox 696 1807 725 1857; x_wconf 77' lang='grc' dir='ltr'><strong><em>ἐν</em></strong></span> <span class='ocrx_word' id='word_1_123' title='bbox 748 1825 767 1858; x_wconf 80' lang='grc' dir='ltr'><strong><em>τ.</em></strong></span> 
     </span>
     <span class='ocr_line' id='line_1_21' title="bbox 98 1882 767 1961; baseline 0.004 -21"><span class='ocrx_word' id='word_1_124' title='bbox 98 1885 183 1960; x_wconf 72' lang='grc' dir='ltr'><strong><em>καιρῷ</em></strong></span> <span class='ocrx_word' id='word_1_125' title='bbox 208 1888 318 1943; x_wconf 74' lang='grc' dir='ltr'><strong><em>τιθέναι</em></strong></span> <span class='ocrx_word' id='word_1_126' title='bbox 343 1889 401 1961; x_wconf 71' lang='grc' dir='ltr'><strong><em>μὲν,</em></strong></span> <span class='ocrx_word' id='word_1_127' title='bbox 429 1882 461 1951; x_wconf 81' lang='grc' dir='ltr'><strong><em>ῶς</em></strong></span> <span class='ocrx_word' id='word_1_128' title='bbox 482 1883 531 1941; x_wconf 79' lang='grc' dir='ltr'><strong><em>οῦκ</em></strong></span> <span class='ocrx_word' id='word_1_129' title='bbox 550 1884 612 1955; x_wconf 71' lang='grc' dir='ltr'><strong><em>ἔδει,</em></strong></span> <span class='ocrx_word' id='word_1_130' title='bbox 640 1889 767 1959; x_wconf 88' lang='grc' dir='ltr'><strong><em>παραλιπ</em></strong></span> 
     </span>
     <span class='ocr_line' id='line_1_22' title="bbox 99 1964 767 2044; baseline 0.001 -18"><span class='ocrx_word' id='word_1_131' title='bbox 99 1965 130 2034; x_wconf 82' lang='grc' dir='ltr'><strong><em>ῶς</em></strong></span> <span class='ocrx_word' id='word_1_132' title='bbox 143 1970 196 2027; x_wconf 69' lang='grc' dir='ltr'><strong><em>ἔδει</em></strong></span> <span class='ocrx_word' id='word_1_133' title='bbox 208 1974 346 2044; x_wconf 84' lang='grc' dir='ltr'><strong><em>λέγεσθαι.</em></strong></span> <span class='ocrx_word' id='word_1_134' title='bbox 371 1964 430 2027; x_wconf 81' lang='grc' dir='ltr'><strong><em>οἷόν</em></strong></span> <span class='ocrx_word' id='word_1_135' title='bbox 445 1993 470 2026; x_wconf 91' lang='grc' dir='ltr'><strong><em>τι</em></strong></span> <span class='ocrx_word' id='word_1_136' title='bbox 483 1971 529 2026; x_wconf 85' lang='grc' dir='ltr'><strong><em>καί</em></strong></span> <span class='ocrx_word' id='word_1_137' title='bbox 543 1969 660 2044; x_wconf 80' lang='grc' dir='ltr'><strong><em>περὶτῆς</em></strong></span> <span class='ocrx_word' id='word_1_138' title='bbox 673 1976 767 2028; x_wconf 90' lang='grc' dir='ltr'><strong><em>Μιτυλ</em></strong></span> 
     </span>
     <span class='ocr_line' id='line_1_23' title="bbox 101 2055 767 2131; baseline 0.003 -23"><span class='ocrx_word' id='word_1_139' title='bbox 101 2059 199 2118; x_wconf 83' lang='grc' dir='ltr'><strong><em>πόλεως</em></strong></span> <span class='ocrx_word' id='word_1_140' title='bbox 212 2059 240 2110; x_wconf 78' lang='grc' dir='ltr'><strong><em>δν</em></strong></span> <span class='ocrx_word' id='word_1_141' title='bbox 254 2056 287 2129; x_wconf 80' lang='grc' dir='ltr'><strong><em>τῇ</em></strong></span> <span class='ocrx_word' id='word_1_142' title='bbox 308 2058 385 2131; x_wconf 83' lang='grc' dir='ltr'><strong><em>τρίτη</em></strong></span> <span class='ocrx_word' id='word_1_143' title='bbox 398 2056 484 2128; x_wconf 81' lang='grc' dir='ltr'><strong><em>βίβλῳ</em></strong></span> <span class='ocrx_word' id='word_1_144' title='bbox 509 2055 647 2123; x_wconf 82' lang='grc' dir='ltr'><strong><em>πεποίηκε.</em></strong></span> <span class='ocrx_word' id='word_1_145' title='bbox 671 2058 741 2126; x_wconf 83' lang='grc' dir='ltr'><strong><em>μετά</em></strong></span> <span class='ocrx_word' id='word_1_146' title='bbox 755 2079 767 2130; x_wconf 82' lang='grc' dir='ltr'><strong><em>γ</em></strong></span> 
     </span>
     <span class='ocr_line' id='line_1_24' title="bbox 102 2135 767 2210; baseline 0 -18"><span class='ocrx_word' id='word_1_147' title='bbox 102 2136 201 2196; x_wconf 87' lang='grc' dir='ltr'><strong><em>άλωοιν</em></strong></span> <span class='ocrx_word' id='word_1_148' title='bbox 214 2137 304 2209; x_wconf 77' lang='grc' dir='ltr'><strong><em>αὐτῆς,</em></strong></span> <span class='ocrx_word' id='word_1_149' title='bbox 329 2140 433 2208; x_wconf 75' lang='grc' dir='ltr'><strong><em>κοίτην</em></strong></span> <span class='ocrx_word' id='word_1_150' title='bbox 447 2142 498 2195; x_wconf 87' lang='grc' dir='ltr'><strong><em>τῶν</em></strong></span> <span class='ocrx_word' id='word_1_151' title='bbox 512 2136 686 2210; x_wconf 81' lang='grc' dir='ltr'><strong><em>αίγμαλῶτων</em></strong></span> <span class='ocrx_word' id='word_1_152' title='bbox 700 2135 767 2210; x_wconf 81' lang='grc' dir='ltr'><strong><em>άφιξ</em></strong></span> 
     </span>
     <span class='ocr_line' id='line_1_25' title="bbox 103 2221 767 2298; baseline 0.003 -20"><span class='ocrx_word' id='word_1_153' title='bbox 103 2223 255 2280; x_wconf 79' lang='grc' dir='ltr'><strong><em>άπίστειλεν</em></strong></span> <span class='ocrx_word' id='word_1_154' title='bbox 275 2224 291 2279; x_wconf 82' lang='grc' dir='ltr'><strong><em>δ</em></strong></span> <span class='ocrx_word' id='word_1_155' title='bbox 310 2226 459 2298; x_wconf 87' lang='grc' dir='ltr'><strong><em>στρατηγὸς</em></strong></span> <span class='ocrx_word' id='word_1_156' title='bbox 484 2225 588 2291; x_wconf 78' lang='grc' dir='ltr'><strong><em>Πάχης,</em></strong></span> <span class='ocrx_word' id='word_1_157' title='bbox 617 2221 713 2278; x_wconf 90' lang='grc' dir='ltr'><strong><em>διττῶν</em></strong></span> <span class='ocrx_word' id='word_1_158' title='bbox 726 2229 767 2280; x_wconf 77' lang='grc' dir='ltr'><strong><em>ἕκι</em></strong></span> 
     </span>
     <span class='ocr_line' id='line_1_26' title="bbox 101 2304 758 2381; baseline -0.003 -17"><span class='ocrx_word' id='word_1_159' title='bbox 101 2310 274 2381; x_wconf 74' lang='grc' dir='ltr'><strong><em>γινομένων’</em></strong></span> <span class='ocrx_word' id='word_1_160' title='bbox 261 2329 288 2362; x_wconf 81' lang='grc' dir='ltr'><strong><em>εν</em></strong></span> <span class='ocrx_word' id='word_1_161' title='bbox 303 2312 360 2372; x_wconf 78' lang='grc' dir='ltr'><strong><em>ταῖς</em></strong></span> <span class='ocrx_word' id='word_1_162' title='bbox 371 2304 503 2377; x_wconf 65' lang='grc' dir='ltr'><strong><em>Ἀθήναις,</em></strong></span> <span class='ocrx_word' id='word_1_163' title='bbox 532 2308 593 2371; x_wconf 84' lang='grc' dir='ltr'><strong><em>τούς</em></strong></span> <span class='ocrx_word' id='word_1_164' title='bbox 612 2309 660 2380; x_wconf 79' lang='grc' dir='ltr'><strong><em>μὲν</em></strong></span> <span class='ocrx_word' id='word_1_165' title='bbox 674 2313 703 2363; x_wconf 76' lang='grc' dir='ltr'><strong><em>ἐν</em></strong></span> <span class='ocrx_word' id='word_1_166' title='bbox 723 2310 758 2380; x_wconf 80' lang='grc' dir='ltr'><strong><em>τῆ</em></strong></span> 
     </span>
     <span class='ocr_line' id='line_1_27' title="bbox 103 2392 767 2498; baseline 0.008 -53"><span class='ocrx_word' id='word_1_167' title='bbox 103 2415 138 2463; x_wconf 82' lang='grc' dir='ltr'><strong><em>ρρ</em></strong></span> <span class='ocrx_word' id='word_1_168' title='bbox 152 2392 312 2466; x_wconf 70' lang='grc' dir='ltr'><strong><em>ῥηθέντας’</em></strong></span> <span class='ocrx_word' id='word_1_169' title='bbox 300 2396 352 2449; x_wconf 86' lang='grc' dir='ltr'><strong><em>υπὸ</em></strong></span> <span class='ocrx_word' id='word_1_170' title='bbox 377 2396 428 2448; x_wconf 92' lang='grc' dir='ltr'><strong><em>τῶν</em></strong></span> <span class='ocrx_word' id='word_1_171' title='bbox 448 2392 670 2498; x_wconf 61' lang='grc' dir='ltr'><strong><em>δημαγιργῶνΗ</em></strong></span> <span class='ocrx_word' id='word_1_172' title='bbox 628 2394 725 2466; x_wconf 90' lang='grc' dir='ltr'><strong><em>λόγους</em></strong></span> <span class='ocrx_word' id='word_1_173' title='bbox 750 2417 767 2450; x_wconf 89' lang='grc' dir='ltr'><strong><em>π</em></strong></span> 
     </span>
     <span class='ocr_line' id='line_1_28' title="bbox 103 2473 767 2580; baseline 0.005 -50"><span class='ocrx_word' id='word_1_174' title='bbox 103 2494 160 2546; x_wconf 75' lang='lat' dir='ltr'><strong><em>mv,</em></strong></span> <span class='ocrx_word' id='word_1_175' title='bbox 187 2475 221 2536; x_wconf 84' lang='grc' dir='ltr'><strong><em>ῶς</em></strong></span> <span class='ocrx_word' id='word_1_176' title='bbox 235 2473 284 2531; x_wconf 81' lang='grc' dir='ltr'><strong><em>σάν</em></strong></span> <span class='ocrx_word' id='word_1_177' title='bbox 299 2474 477 2551; x_wconf 85' lang='grc' dir='ltr'><strong><em>άναγκαίους·</em></strong></span> <span class='ocrx_word' id='word_1_178' title='bbox 503 2499 530 2532; x_wconf 83' lang='grc' dir='ltr'><strong><em>εν</em></strong></span> <span class='ocrx_word' id='word_1_179' title='bbox 543 2498 560 2549; x_wconf 80' lang='grc' dir='ltr'><strong><em>η</em></strong></span> <span class='ocrx_word' id='word_1_180' title='bbox 574 2497 636 2539; x_wconf 89' lang='grc' dir='ltr'><strong><em>τους</em></strong></span> <span class='ocrx_word' id='word_1_181' title='bbox 650 2498 664 2528; x_wconf 94' lang='grc' dir='ltr'><strong><em>τ</em></strong></span> <span class='ocrx_word' id='word_1_182' title='bbox 686 2477 767 2580; x_wconf 80' lang='grc' dir='ltr'><strong><em>αἶγμσ</em></strong></span> 
     </span>
     <span class='ocr_line' id='line_1_29' title="bbox 103 2554 755 2635; baseline 0.008 -25"><span class='ocrx_word' id='word_1_183' title='bbox 103 2554 264 2613; x_wconf 81' lang='grc' dir='ltr'><strong><em>άποιιτεῖναι</em></strong></span> <span class='ocrx_word' id='word_1_184' title='bbox 287 2561 301 2615; x_wconf 84' lang='grc' dir='ltr'>ὁ</span> <span class='ocrx_word' id='word_1_185' title='bbox 322 2563 404 2633; x_wconf 79' lang='grc' dir='ltr'><strong><em>δῆμος</em></strong></span> <span class='ocrx_word' id='word_1_186' title='bbox 430 2563 600 2635; x_wconf 76' lang='grc' dir='ltr'><strong><em>ἐψηφίσατο,</em></strong></span> <span class='ocrx_word' id='word_1_187' title='bbox 626 2560 672 2615; x_wconf 85' lang='grc' dir='ltr'><strong><em>καλ</em></strong></span> <span class='ocrx_word' id='word_1_188' title='bbox 692 2563 755 2626; x_wconf 82' lang='grc' dir='ltr'><strong><em>τοὺς</em></strong></span> 
     </span>
     <span class='ocr_line' id='line_1_30' title="bbox 100 2641 767 2720; baseline 0.009 -24"><span class='ocrx_word' id='word_1_189' title='bbox 100 2643 307 2713; x_wconf 81' lang='grc' dir='ltr'><strong><em>Μιτυληναίους</em></strong></span> <span class='ocrx_word' id='word_1_190' title='bbox 321 2641 433 2718; x_wconf 84' lang='grc' dir='ltr'><strong><em>ηβηδόν,</em></strong></span> <span class='ocrx_word' id='word_1_191' title='bbox 459 2649 588 2720; x_wconf 80' lang='grc' dir='ltr'><strong><em>γυναῖκας</em></strong></span> <span class='ocrx_word' id='word_1_192' title='bbox 603 2644 631 2699; x_wconf 82' lang='grc' dir='ltr'><strong><em>δὲ</em></strong></span> <span class='ocrx_word' id='word_1_193' title='bbox 647 2642 692 2699; x_wconf 84' lang='grc' dir='ltr'><strong><em>καί</em></strong></span> <span class='ocrx_word' id='word_1_194' title='bbox 706 2650 767 2702; x_wconf 82' lang='grc' dir='ltr'><strong><em>παῖ(</em></strong></span> 
     </span>
    </p>
   </div>
   <div class='ocr_carea' id='block_1_3' title="bbox 0 0 986 2954">
    <p class='ocr_par' dir='ltr' id='par_1_4' title="bbox 0 0 986 2954">
     <span class='ocr_line' id='line_1_31' title="bbox 0 0 986 2954; baseline 0 0"><span class='ocrx_word' id='word_1_195' title='bbox 0 0 986 2954; x_wconf 95' lang='lat' dir='ltr'><strong><em> </em></strong></span> 
     </span>
    </p>
   </div>
  </div>
 </body>
</html>
