1950 2954
162 123 214 175 m
333 111 499 165 DIONYSII
513 109 766 163 HALICARNASS.

226 219 277 276 48.
303 221 366 283 Τοῖς
391 217 507 293 πρώτοις
532 217 638 290 μορίοις
661 217 708 285 τῆς
733 219 837 286 λέξειας,
865 214 929 292 ῶόνὶ

163 305 283 371 στοιχεῖα
296 300 351 358 ύπό
369 320 448 357 τινων
461 302 593 366 καλεῖται,
621 301 672 355 είτε
683 300 745 375 τρία
757 296 834 358 ταῦτ’
850 301 930 373 ἔστιν,

163 386 198 450 ῶς
213 385 346 460 θεοδέκτῃ
360 406 388 441 τε
402 382 449 441 καὶ
465 379 636 459 Ἀριστοτέλει
648 383 730 452 δοκεῖ,
744 380 868 457 ὄνόματα
888 388 931 444 καί

164 471 272 544 ῥήματα
286 469 333 524 καί
346 468 508 541 σύνδεσμοι,
523 469 574 522 εἴτε
587 467 678 540 πλείω,
692 467 741 523 δύο
755 472 846 526 ταῦτα
860 469 926 526 οἷκο-

163 556 277 619 λουθεῖ,
302 553 382 623 μέλος
405 551 452 608 καί
474 553 574 626 χρόνος
598 553 654 607 ἴσα.
682 554 751 608 κατοί
769 553 819 624 μέν
834 554 868 623 δὴ
883 558 928 619 τάς

164 634 293 706 ὀξύτητας
305 656 333 690 τε
347 655 394 691 και
383 631 608 739 βαρύτητας
572 636 676 701 αυτῶν,
703 636 829 695 τάττεται
840 640 872 694 τό
883 642 928 711 με’·

164 726 224 786 λος·
238 740 308 775 κατα
300 719 352 774 δέ
365 723 399 775 τοί
411 720 485 791 μήκη
502 717 549 773 καί
562 721 609 782 τοίς
621 718 807 794 βραχύτητας,
834 722 851 778 ό
863 725 927 797 χρό-

164 825 219 868 νος.
234 791 314 866 οὗτος
327 803 356 859 δέ
367 804 490 876 γίγνεται
502 804 619 876 ῥυθμός,
634 797 681 858 εἴτ’
694 800 750 859 ύπό
764 805 840 862 δυιιν
851 804 928 882 ἄρξετ’·

164 909 242 962 μενος
262 888 448 944 συνίστασθαι
460 888 601 962 βραχειῶν,
630 883 720 960 ῶσπερ
734 890 839 946 οἴονταί
852 911 927 956 τινες,

164 993 212 1028 και
202 971 338 1027 καλουσι
352 974 400 1027 τόν
425 965 510 1036 οὕτως
532 974 791 1028 κατασκευασθέντα
816 976 929 1047 ρὐθμόν

164 1051 299 1130 ἡγεμόνα,
326 1058 433 1131 πρῶτον
457 1053 552 1124 ἔχοντα
575 1057 656 1128 λόγον
673 1057 725 1110 τῶν
737 1058 803 1112 ίσονν
813 1051 890 1129 ῶρσει
902 1079 929 1113 τε

163 1139 212 1196 καί
226 1140 304 1196 θέσει
315 1142 432 1213 χρόνον·
445 1131 491 1194 εἴτ’
506 1135 562 1195 ύπό
583 1141 662 1214 τριῶν
673 1140 811 1213 βραχειῶν,
827 1140 862 1204 ῶς
875 1145 928 1207 τοῖς

165 1221 227 1299 περί
244 1219 420 1298 Ἀριστόξενον
438 1219 527 1287 ἔδοξεν
534 1263 544 1290 ,
566 1216 596 1288 ὃς
608 1227 637 1278 έν
651 1221 688 1296 τῶ
700 1222 834 1298 διπλασίῳ
847 1245 928 1282 κατε-

166 1306 392 1383 σκεύασταιλόγιρ
410 1310 528 1382 πρῶτον.
553 1309 609 1370 τοίς
635 1302 711 1362 δ’έκ
736 1309 790 1364 τῶν
817 1310 927 1382 πρῶτον

164 1392 267 1466 μορίων
292 1394 337 1462 τῆς
365 1395 452 1456 λέξεως
477 1393 682 1463 συντιθεμένοις
704 1393 736 1446 τό
754 1412 782 1447 τε
799 1393 879 1467 μέρος
892 1391 929 1457 είς

165 1470 278 1544 αύξησιν
290 1471 341 1545 ἤδη
354 1476 530 1549 συμπροάγει,
546 1473 592 1530 καί
602 1473 629 1529 οἱ
642 1473 748 1550 ῥυθμοί
761 1477 928 1549 προβαίνου·

165 1579 209 1614 σιν
224 1557 259 1620 εἷς
272 1561 306 1614 τό
319 1557 471 1627 καλούμενα
487 1560 580 1630 μέτρα.
609 1553 676 1614 ὅταν
688 1557 719 1613 δέ
729 1559 810 1632 μέλλῃ
823 1560 928 1616 τούτων

164 1643 290 1715 ἑκάτερον
304 1640 458 1716 ὑπεραίρειν
483 1640 519 1713 τῶ
544 1643 645 1715 μέτρῳ,
673 1639 840 1715 ἧμεταβολὴ
869 1646 927 1699 τότε

166 1724 345 1790 εἰσελθοῦσα,
373 1725 525 1798 ταμιεύεται
538 1727 568 1780 τό
583 1722 685 1780 σίκεῖον
698 1721 788 1781 αύτῶν
815 1724 927 1800 ἀγαθόν

165 1812 300 1883 ἑκατέρου.
315 1809 424 1865 ἐπειδάν
438 1809 465 1865 δέ
478 1809 526 1876 τήν
540 1808 731 1881 ἁρμόττουσαν
739 1813 827 1866 ταῦτα
838 1812 927 1887 χώραν

165 1897 249 1968 λάβῃ,
269 1889 326 1948 τότ’
352 1890 517 1949 οἷπούίόοεσιν
540 1889 633 1957 αύτοίς
659 1894 708 1961 τήν
734 1896 928 1967 προσήκουσαν

165 1974 236 2053 ῶραν
250 1980 280 2032 τό
294 1981 413 2050 πρέπον·
426 1975 472 2030 καί
485 1977 567 2032 τούτο
581 1972 616 2033 ού
624 1978 744 2047 χαλεπόν
757 1977 802 2032 §ni
815 1981 866 2034 τῶν
881 1983 928 2048 τῆς

164 2065 295 2132 μουσικῆς
308 2060 390 2135 ἔργον
403 2064 582 2132 καταμαθεῖν.
598 2063 662 2135 φέρε
668 2063 730 2135 μοίρ,
746 2063 822 2126 εἴτις
836 2057 925 2135 ᾠδαῖς,

164 2143 182 2212 ἢ
195 2144 346 2220 κρούμασιν
360 2141 495 2219 ὀργάνων,
512 2146 543 2199 τό
557 2147 699 2200 κάλλιστον
711 2146 828 2210 έντείνας
840 2149 925 2218 μέλος,

165 2231 278 2304 ῥυθμοῦ
303 2228 405 2300 μηδένα
420 2232 529 2297 ποιῆται
555 2229 652 2300 λόγον,
677 2223 739 2284 ἔσθ’
753 2224 827 2295 ὅπως
842 2225 876 2286 ἄν
889 2253 927 2296 τις

165 2312 311 2380 οἷνάσχοιτο
323 2315 368 2379 τῆς
382 2313 504 2382 τοιαύτης
518 2317 667 2384 μουσικῆςς
692 2314 718 2367 τί
729 2312 774 2379 δέ,
790 2311 814 2367 εἴ
827 2315 928 2370 τούτων

164 2397 212 2465 μέν
226 2394 386 2471 ἀμφοτέρων
401 2397 569 2469 προνοηθείη
591 2396 709 2498 μετρίως,
735 2418 813 2468 μενοι
828 2393 857 2451 δ
884 2397 927 2453 ἐπί

165 2481 209 2578 νῆς
223 2477 305 2548 αύτῆς
316 2481 446 2553 μελῳδίας
458 2480 506 2535 καί
519 2483 570 2535 τῶν
584 2477 673 2536 αύτῶν
671 2482 820 2582 ῥυθμῶν,
849 2477 927 2536 ούδεν

156 2559 193 2621 σίν
205 2567 374 2632 εξοιλλοίιιων
382 2611 391 2639 ,
413 2561 478 2625 οὔδε
491 2567 647 2632 ποικίλλειν,
667 2551 710 2638 ἆρ
726 2561 775 2631 ούχ
788 2560 852 2620 ὅλον
866 2565 927 2622 δια-
