1950 2954
127 211 176 261 DE
194 210 348 263 THVCYD.
365 211 505 262 HISTOR.
525 211 698 262 lVDlCIVM.
776 217 824 274 101

56 321 174 386 ,,λυντο·
197 304 230 386 ἦν
245 337 272 373 τε
286 321 314 373 έν
328 316 364 390 τῷ
391 316 571 392 στρατεύματι
590 319 641 372 τῶν
666 311 824 386 Ἀθηναίων,

56 401 122 473 ,,έ’ως
137 398 283 475 άχχάμοιλα
297 404 480 474 έναυμάχουν,
506 402 598 479 Ιπάντα
613 401 684 474 δμού
699 398 826 473 άκσύσαι,

56 483 240 561 ,,ὀλοφυρμός,
255 488 318 559 βοή,
333 488 462 560 νικῶντες,
475 485 663 561 κρατούμενοι,
677 480 757 552 άλλα,
773 480 826 541 ὅσα

55 574 106 639 ,,ἒν
118 572 225 645 μεγάλῳ
252 571 365 641 κινδύνῳ
389 574 459 645 μέχα
482 570 668 647 στρατόπεδον
694 568 825 640 πολυειδῆ

54 653 255 729 ,,άναχκάζοιτο
274 659 458 729 φθέγγεσθαι.
488 657 662 732 παραπλήσια
691 654 719 711 δέ
739 653 785 711 καί
797 650 826 709 οἳ

55 737 122 813 ,ἐπὶ
135 741 187 793 τῶν
200 741 264 795 νεῶν
278 735 373 802 αύτούς
392 738 523 810 ἔπασχον·
554 741 617 814 πρίν
629 761 660 813 χε
675 738 706 808 δή
722 738 749 794 οἶ
762 746 824 794 Συ-

57 821 221 899 ,,ρακούσιοι
236 820 281 879 καί
295 822 322 879 οἶ
336 823 480 896 ξύμμαχοι,
508 822 552 878 ἐπὶ
564 824 634 881 πολύ
648 820 824 892 άντισχούσης

56 910 124 976 ,πῆς
138 907 302 980 ναυμαχίας,
330 904 445 982 ἔτρεψάν
459 927 488 961 τε
511 906 574 969 τούς
595 902 764 976 Ἀθηναίους,
778 905 826 964 καί

57 992 237 1066 ,,έπικείμενοι
251 993 391 1066 λαμπρῶς,
406 990 494 1066 πολλῇ
507 990 613 1066 κραυγῇ
630 988 677 1046 καί
691 989 824 1045 διακελευ-

58 1076 136 1148 ,,σμῳῖ
146 1075 291 1151 χρώμενοι,
315 1074 477 1132 κατεδίωκον
489 1079 515 1140 ἐς
529 1076 578 1143 τήν
601 1077 661 1150 χῆν.
688 1074 747 1130 τότε
761 1072 795 1145 δὴ
809 1072 826 1131 ό

56 1161 131 1232 ,,με“ν
144 1162 269 1226 ναυτικδς
283 1160 403 1236 στρατός,
418 1155 498 1223 άλλσς
511 1152 588 1235 σ’ίλίῃ,
610 1153 672 1215 δσοι
682 1159 720 1232 μή
729 1160 824 1232 μετέω·

57 1265 121 1319 ,,ροι
136 1245 269 1316 ἑάλωσαν,
290 1247 500 1312 κατενεχθέντες,
524 1246 648 1309 ἐξέπεσον
661 1247 687 1308 ἐς
697 1243 728 1298 τδ
742 1263 824 1318 στρα-

58 1330 202 1403 ,,τόπεδον.
229 1328 244 1385 δ
259 1329 288 1384 δι’
302 1330 396 1400 πεζός,
419 1323 507 1387 ούκέτι
521 1328 668 1403 διαφόρως,
694 1323 753 1384 ἄλλ’
767 1326 824 1384 duh

57 1456 76 1482 ,‚
84 1414 146 1483 μιᾶς
161 1413 253 1487 δρμῆς,
268 1410 374 1488 οἷμωχῇ
386 1433 413 1468 τε
427 1412 473 1470 καί
487 1415 583 1488 στόνῳ,
595 1413 690 1477 πάντες
704 1413 824 1468 δυσανα-

55 1500 231 1572 ,,σχετούντες
256 1502 290 1554 τά
315 1498 477 1572 μιγνύμενα,
505 1496 533 1555 οἷ
558 1497 608 1571 μέν
632 1494 678 1554 tut
699 1498 745 1561 τάς
758 1499 825 1562 ναύς

55 1584 283 1659 ,παρεβοήθουη
299 1581 327 1638 οἱ
341 1583 369 1640 δέ
386 1585 455 1660 πρός
466 1583 498 1640 τό
511 1584 607 1640 λοιπόν
619 1583 668 1638 τού
681 1581 784 1653 τείχους
797 1584 825 1644 ἐς

55 1668 216 1739 ,φυλακήν
238 1662 315 1724 άλλοι
330 1667 371 1734 δέ,
400 1667 446 1724 καί
474 1666 502 1726 σί
527 1670 648 1725 πλεῖστοι
672 1661 734 1739 ἤδη,
759 1664 822 1739 περί

56 1753 151 1821 ,,σφάς
164 1748 264 1814 αύτούς
276 1751 323 1806 καί
337 1748 389 1820 ὅπη
404 1753 580 1822 σωθήσονται
594 1753 764 1809 διεσκόπουν.
788 1739 822 1818 ἦν

55 1855 106 1902 ,,τε
119 1840 147 1889 έν
166 1834 200 1906 τῷ
219 1835 374 1909 παραυτίκα
400 1832 463 1891 σύδέ
475 1836 540 1907 μιάς
550 1835 584 1904 δὴ
598 1839 649 1892 τῶν
674 1836 822 1906 ξυμπασῶν

57 1920 197 1994 ,,ε’λάσσων
220 1917 354 1986 έκπληξις·
378 1919 557 1991 παραπλήσιά
581 1937 609 1973 τι
633 1921 822 1974 ἐπεπόνθεσαν

56 2002 124 2076 ,μοί
139 2001 256 2075 ἔδρασαν
275 1998 354 2057 αύτσί
377 2004 404 2054 ἐν
419 1999 511 2073 Πύλῳ.
549 1999 754 2076 διαφθαρεισῶν
766 2003 821 2074 χάρ

58 2088 130 2160 ,πάνυ
156 2088 221 2142 νεῶν
244 2089 300 2149 τοῖς
324 2083 568 2157 Λακεδαιμονίοις,
594 2086 822 2159 προσαπώλλυντο

56 2168 173 2239 ,,αύταῖς
200 2171 246 2227 καί
273 2168 299 2226 οἱ
318 2173 346 2225 έν
360 2167 394 2243 τῇ
405 2168 478 2242 νήσῳ
503 2161 598 2240 ἄνδρες
623 2167 821 2268 διαρίεβηκότες.

57 2256 123 2328 ,,καί
144 2257 204 2311 τότε
224 2258 281 2317 τοῖς
303 2249 458 2322 Ἀθηναίοις
484 2250 644 2309 άνέλπιστον
661 2272 694 2321 ην
707 2253 739 2307 τό
754 2253 823 2307 κατά

57 2381 74 2406 ,,
82 2344 134 2415 χῆν
147 2339 341 2410 σωθήσεσθαι,
368 2335 402 2408 ἢν
415 2338 451 2411 μή
466 2359 491 2393 τι
504 2331 579 2412 παρά
591 2338 673 2410 λόχον
686 2336 822 2412 χίχνηται.

58 2466 75 2490 ,,
84 2427 226 2498 γενομένης
246 2419 274 2479 δ’
302 2423 412 2498 ἰσχυράς
427 2425 471 2492 τῆς
484 2423 640 2496 ναυμαχίας,
656 2420 703 2478 καί
716 2421 822 2478 πολλῶν

56 2510 148 2579 ,,νεῶν
180 2507 342 2584 άμφοτέροις
373 2507 418 2564 καὶ
445 2504 549 2580 άνδρῶν
574 2503 764 2579 άπολομένων,
795 2501 824 2561 οἵ

57 2594 269 2669 ,,Συρακούσιοι
301 2590 347 2650 καί
378 2590 405 2649 οἱ
438 2591 570 2666 ξύμμαχοι
601 2593 821 2668 ἐπικρατοῦντες,

56 2712 74 2745 „
84 2680 117 2733 τά
148 2699 175 2733 τε
206 2679 326 2752 ναυάγια
356 2676 403 2733 καί
434 2677 498 2746 τούς
528 2677 645 2756 νεκρούς
678 2673 838 2732 mmm·
