1950 2954
226 122 735 175 DEVETT.SCR11³T.OENSVRA.
818 131 870 188 σῃ

103 227 276 300 διενεγκόντα
298 231 346 285 τόν
371 225 519 303 Ἡρόδοτον
545 228 715 304 εύρίσκομεν·
742 230 788 288 καί
800 236 869 304 μιτιί

103 316 203 370 τούτου
214 315 261 369 τόν
275 315 385 386 τρόπον,
399 315 869 388 πραγματείανκαίπροσωποποάαν

103 400 203 470 μάλλον
219 395 253 454 ού
273 399 406 470 τετήρηκε.

248 487 442 538 ΦΙΛΙΣΊὈΣ
460 482 505 538 καί
528 487 728 540 ΞΕΝΟΦΩΝ

166 573 194 625 2.
223 567 352 623 Φιλίστου
367 567 395 622 δὲ
408 565 456 621 καί
469 570 648 636 Ξενοφῶντος,
661 569 676 623 ὁ
689 569 869 642 μίνΞενοφῶν

100 648 252 726 Ἡροδότου
262 654 374 720 ζηλωτάς
387 653 489 725 ἐγένετο
500 654 568 707 κατά
579 673 605 706 τι
620 655 666 715 τάς
681 657 869 726 πραγματικάς

103 734 199 808 άρετάς
212 737 258 791 καί
276 740 323 802 τάς
349 734 533 807 οἰκονομικός,
561 738 606 792 καί
632 740 678 802 τάς
703 735 804 806 ἠθικός
818 741 869 794 τών

104 822 282 887 διαλεκτικῶν,
297 825 333 890 πῆ
349 821 400 891 μὲν
411 817 510 893 ὅμοιος,
527 823 563 889 πῆ
579 815 606 874 δ’
620 823 740 878 ἐλάττων.
755 826 867 896 ἐλεγκτι.

103 909 148 969 κός
161 910 210 978 μὲν
222 907 275 980 γάρ
289 905 336 961 καί
349 909 472 980 καθαρός
484 909 541 965 τοῖς
567 898 696 976 όνόμασι,
722 906 768 959 καὶ
782 909 870 978 σαφής

102 990 148 1045 καὶ
161 993 284 1064 ἐναργής,
298 989 344 1046 καί
358 993 427 1046 κατά
442 993 489 1059 τήν
508 989 640 1045 σύνθεσιν
653 986 718 1059 ἡδύς
732 990 776 1045 καί
790 986 868 1058 εύχα-

102 1097 152 1147 ρις,
167 1074 201 1136 ὦς
215 1076 261 1131 καί
274 1079 367 1131 πλεῖον
381 1076 496 1130 ἐκείνου·
521 1073 609 1146 ὕψους
636 1075 664 1128 δὲ
690 1073 869 1148 καίμεγαλσ-

103 1162 233 1232 πρεπείας
257 1161 382 1215 καθόλου
409 1162 456 1215 τού
484 1157 622 1232 ἱστορικοῦ
647 1161 804 1234 πράγματος
817 1156 868 1216 σύν

101 1246 243 1313 ἐπέτυχεν·
264 1239 321 1300 ἄλλ’
336 1241 398 1299 ούόί
412 1245 460 1298 τού
475 1245 621 1316 πρέποντος
634 1248 689 1308 τοῖς
715 1246 869 1318 προσώποις

100 1329 233 1394 πολλάκις
244 1331 420 1397 ἐστοχάσατο,
442 1327 589 1401 περιτιθείς
603 1326 735 1401 ἀνδράσιν
749 1327 867 1392 ἰδιώταις

100 1413 147 1468 καί
161 1415 314 1489 βαρβάροις
327 1409 389 1468 ἔσθ’
421 1407 465 1467 ὅτε
491 1413 586 1486 λόγους
611 1415 788 1485 φιλοσόφους,
803 1417 865 1476 λέξει

99 1497 233 1570 χρώμενος
258 1500 348 1570 λόγοις
361 1496 501 1570 πρεπούσῃ
514 1498 622 1567 μάλλον,
638 1496 654 1563 ἢ
668 1502 866 1570 στρατιωτικοῖς

100 1585 308 1655 κατορθώμασι.
340 1582 464 1644 Φίλιστος
490 1581 518 1636 δὲ
534 1583 652 1653 μιμητὴς
663 1588 716 1637 ἐστι
734 1584 867 1638 Θουκυδί-

102 1667 162 1731 δου,
178 1663 224 1731 ἔξω
249 1667 298 1722 τού
324 1659 427 1734 ἤθους·
455 1666 547 1736 τὸμὲν
573 1668 627 1738 γάρ
653 1667 795 1741 ἐλεύθερον
821 1665 868 1722 καί

101 1753 275 1826 φρονήματος
301 1752 413 1821 μεστόν·
441 1751 521 1805 τούτο
544 1750 573 1805 δὲ
600 1753 798 1825 θεραπευτικόν
822 1755 869 1818 τῆς

101 1838 243 1910 τυράννων
257 1835 304 1890 καί
317 1829 403 1890 όλλων
422 1834 577 1898 πλεονεξίας,
598 1836 705 1904 ἐζήλωκε
720 1836 748 1891 δὲ
762 1839 867 1908 πρῶτον

100 1922 150 1991 μὲν
166 1920 195 1974 τό
208 1920 258 1987 τὴν
278 1917 411 1974 ὑπόθεσιν
428 1915 508 1987 άτελῆ
523 1920 691 1984 καταλιπεῖν,
722 1922 767 1974 τόν
782 1916 867 1974 αύτόν

101 2005 192 2078 ἐκείνῳ
207 2004 323 2076 τρόπον·
339 1999 372 2057 ού
383 2005 438 2075 μην
451 2001 519 2057 άλλά
532 2002 578 2058 καί
591 2005 639 2069 τὴν
653 2001 764 2066 άτυξίαν
780 1999 866 2058 αύτού

101 2091 147 2158 τῆς
160 2086 322 2159 οἰκονομίας
334 2086 379 2142 καί
393 2087 697 2163 δυσπαρακολούθητον
718 2089 766 2154 την
780 2109 867 2162 πραγ-

96 2175 214 2244 ματείαν
227 2171 261 2245 τῇ
273 2171 399 2242 συγχύσει
417 2175 468 2228 τών
487 2170 629 2247 εἰρημένων
655 2172 793 2241 πεποίηκε.
821 2175 867 2242 τῆς

100 2255 129 2311 δὲ
143 2260 232 2322 λέξεως
246 2259 276 2311 τό
293 2256 343 2327 μὲν
367 2259 588 2331 γλωσσηματικόν
603 2255 648 2312 καί
662 2257 801 2330 περίεργον
816 2252 866 2312 ούκ

97 2341 207 2411 ίζὴλωκι
224 2340 409 2397 θουκνύίδου·
437 2345 467 2398 τὸ
482 2342 510 2396 δί
524 2341 689 2413 στρογγύλον
705 2340 749 2396 καί
762 2344 864 2397 πυκνόν

96 2425 145 2483 καλ
159 2421 274 2483 ιύνονον
288 2423 334 2481 καί
353 2426 498 2500 ἐναγώνιον
511 2427 585 2480 πάνυ
600 2423 717 2499 άκριβιῖις
731 2423 873 2499 άπεμίίξσ-
902 2438 907 2444 “

95 2529 144 2566 το·
157 2506 192 2568 ού
205 2510 261 2586 μὴν
277 2508 378 2582 δμοίως
390 2513 438 2579 την
450 2511 627 2590 καλλιλογίαν
649 2511 701 2571 καὶ
720 2516 774 2586 τὴν
790 2511 897 2582 σεμνύ-

96 2612 164 2663 νητιν
174 2591 437 2666 καλνᾴνιίφθονώιν
458 2601 512 2659 τῶν
536 2604 784 2684 ἐνθυμημάτων,
807 2587 917 2654 καὶτὰ

661 2692 686 2742 P
710 2701 726 2739 ι
