1950 2954
133 186 183 242 {16
250 178 411 260 mmwsu
430 174 777 230 HALICARNASSENSIS

131 286 267 356 πιόμενον
286 281 332 339 καί
351 284 479 355 διαμένον
498 283 544 338 καί
563 284 618 345 τοῖς
637 285 844 358 ἐπιγινομένοις,
866 282 900 357 τῇ

130 370 252 444 γεννήσει
270 371 320 424 τοῖν
335 365 494 443 άνθρώιτσυ,
509 365 555 422 καί
566 367 671 438 μήποτε
695 364 899 440 άντοσβεννδμι·

131 476 187 510 νον.
200 453 246 509 και
257 473 357 509 τουτον
369 447 405 507 άν
423 473 462 514 τις
488 453 559 507 ιίιιοι
573 449 709 519 δικαίως”
696 472 793 526 ιρανον
804 453 898 508 κάλλι-

128 559 195 595 στον
208 534 241 594 οὐ
250 538 412 643 χρημάτων,
425 532 489 592 οάδέ
503 536 643 606 κτημάτων
657 538 751 608 τινῶν,
778 531 833 592 άίί
849 531 899 633 αδ-

131 627 178 692 τῆς
190 626 238 691 τῆς
249 622 354 693 φάσεως
368 621 413 676 καί
427 622 477 677 τοῦ
489 623 592 725 γένους.

192 707 219 764 4.
240 700 301 761 Εἶτ’
317 705 469 768 έξιτάστις’
459 703 503 762 sut
517 702 633 782 τούτοις,
656 701 709 761 ὅσοι
723 708 898 778 προσγίνεται

129 795 186 854 τοῖς
198 791 373 865 γεγαμηκόσι.
399 791 506 865 πρῶτον
518 789 567 861 μέν
582 791 649 863 πρδς
663 789 752 855 δδξοιν,
767 785 811 844 ὅτι
824 789 900 846 ένδο-

128 878 247 950 ξάτιροι·
272 874 304 930 ιδ
319 875 461 930 κάλλιστον
473 875 553 948 μέρος
567 876 614 944 τῆς
626 870 722 950 άρττῆς
744 869 829 938 ιδθάς
843 873 899 931 άπδ

131 963 183 1016 τῶν
195 961 288 1034 γάμων
303 956 448 1065 ἀρχόμενοι
472 960 660 1033 καρποῦσθαι,
688 961 736 1029 την
750 959 899 1035 σωφροσύ-

131 1067 187 1116 νην.
202 1045 265 1100 δ’
231 1066 285 1120 γαρ
296 1045 385 1146 γάμος
405 1039 491 1108 ιῦθδς
510 1041 555 1099 καί
567 1041 745 1116 σωφροσύνης
759 1042 840 1109 δόξαν
854 1065 899 1099 ιιι·

130 1130 257 1204 ριτίθησι
271 1130 327 1193 τοῖς
348 1125 519 1199 ἀνθρώποις·
547 1128 593 1184 καί
606 1125 634 1183 σί
648 1129 772 1183 τοιοῦτοι
786 1128 899 1184 δοκοῦσι

131 1219 177 1283 τῆς
191 1213 239 1285 μέν
253 1209 373 1266 άτάκτσιι
386 1215 478 1313 μίξεως
490 1209 680 1282 άπηίίάχθαι,
707 1215 777 1287 πρδς
791 1211 865 1268 δέ’
833 1234 900 1286 μιαν

130 1295 242 1371 άφορᾷν
261 1297 347 1368 μόνην
365 1297 414 1364 τήν
427 1293 556 1352 ἑαυτοδ“
540 1303 653 1360 εκασιος
674 1298 800 1371 γυναῖκα.
828 1301 856 1352 ίκ
873 1296 901 1352 δέ

131 1381 233 1437 τούτου
263 1378 310 1435 καί
339 1382 525 1456 ἐντιμοτέρους
552 1377 656 1453 άνάγκη
681 1380 811 1454 γίνεσθαι
837 1381 902 1445 τοὺς

131 1464 308 1539 ἀνθρώπους,
324 1462 370 1519 καί
385 1465 561 1538 πιστοτέρους
575 1464 676 1534 δοκεῖν,
702 1464 750 1521 καί
762 1459 901 1522 τάνουστέ-

132 1570 200 1626 ρους
225 1545 287 1622 περὶ
300 1549 345 1614 τάς
368 1543 458 1603 αὗτῶν
481 1548 614 1624 πατρίδας
639 1553 668 1605 έν
693 1548 785 1615 παντί,
811 1549 857 1605 διά
871 1550 902 1605 τί

135 1632 226 1708 ὥσπερ
253 1628 341 1706 ὅμηρα
356 1630 499 1689 δεδωκέναι
523 1636 583 1698 ταῖς
597 1633 709 1709 πατρίσι
722 1634 785 1698 τοὺς
798 1636 902 1690 ἑαυτῶν

134 1717 243 1788 παῖδας,
258 1711 292 1771 δι’
308 1711 355 1780 οὓς
373 1715 524 1792 άναγκαίον
549 1715 708 1776 καὶμᾶλλον
722 1715 759 1782 εἲς
772 1720 821 1783 τάς
834 1737 903 1792 συμ-

134 1802 248 1864 βουλίας
260 1801 535 1873 παραλαμβάνεσθαι.

199 1891 226 1942 5.
244 1883 303 1940 Καὶ
317 1886 381 1962 πρὸς
406 1884 492 1950 λάπας
518 1908 545 1942 τε
571 1886 615 1941 καί
641 1885 753 1962 δυσχερῆ
780 1890 814 1942 τά
827 1890 855 1942 έν
868 1889 905 1962 τρῖ

136 1973 187 2045 βίῳ
199 1972 286 2043 γάμος
296 1969 513 2044 χρησιμώτατος,
534 1973 686 2045 κουφότερα
699 1974 785 2026 ταῦτα
813 1992 904 2044 παρα·

135 2056 285 2121 σκιυάζων,
300 2052 389 2128 ὥσπερ
403 2055 514 2130 φορτία,
527 2055 728 2126 μεταδιδόντων
755 2050 829 2127 ἡμῶν
844 2058 904 2119 ταῖς

136 2142 238 2198 ἑαυτῶν
255 2140 362 2215 γυναιξὶ
388 2141 440 2195 τῶν
467 2141 612 2212 δυσχερῶν,
632 2138 677 2195 καί
691 2141 737 2209 τῆς
763 2141 905 2204 κοινωνίας

136 2227 393 2299 παρηγορουμένων.
420 2228 448 2280 έν
467 2224 497 2281 δέ
510 2223 595 2296 τοάτιρ
610 2223 657 2280 καί
669 2226 703 2279 τά
717 2219 783 2292 ἡδέα
798 2221 904 2298 ἀνάγκη

137 2311 302 2384 τιριτνδττρα
328 2308 488 2379 φαίνεσθαι,
513 2311 551 2382 μὴ
577 2305 666 2364 αάτῶν
691 2304 731 2381 ἐφ’
746 2304 906 2366 έαυτῶνεά-

138 2397 334 2468 φραινσμένων
349 2387 404 2448 άίίί
419 2394 532 2462 ίχάντων
543 2393 588 2449 καί
605 2394 668 2457 τοὺς
694 2394 905 2468 συμπανηγυρί-

139 2480 233 2544 ζοντας
246 2475 292 2531 και
318 2477 381 2541 τοάς
395 2481 676 2552 συνιυφροιινομένους
702 2476 802 2542 παῖδάς
817 2498 845 2534 τι
857 2477 907 2534 καί

115 2563 269 2630 γυναῖκας,
300 2558 351 2615 καί
363 2561 427 2628 τσάς
440 2556 538 2628 άίίους
550 2565 694 2638 συγγινέίς.
709 2583 755 2618 και
744 2560 860 2636 ἑορται
874 2561 906 2618 δέ

102 2637 157 2689 καί
168 2642 349 2721 πανηγύρεις
362 2646 413 2706 διά
433 2671 521 2710 τουτο
551 2671 675 2730 τιρπναι,
702 2641 786 2704 δτιέν
799 2648 909 2710 πολλοῖς
