1950 2954
113 218 147 274 70
189 220 203 238 ‘
231 213 394 266 DIONYSII
415 212 761 267 HALICARNASSENSIS

113 322 253 391 θσυμένην
273 323 382 399 πέτραν.
411 315 542 387 σύδελςέίν
555 315 639 385 ἄλλως
657 321 736 387 εἴποι,
764 325 839 396 παριί
858 329 882 380 τί

113 407 206 479 γέγονε
232 406 333 462 τούτων
349 405 486 470 Ιἕκαστον·
513 403 616 481 ούγολρ
642 403 715 476 είκή,
744 402 882 464 ούδίίπδ

115 485 296 562 ταύτομοίτου.
330 492 498 564 πρῶτονμὲν
512 494 568 555 τοῖς
581 488 644 547 δυσί
662 491 775 560 στίχοις,
802 495 831 547 έν
845 485 884 558 οίς

116 573 237 630 ιίνακινεῖ
249 577 298 643 τήν
316 577 430 654 πέτραν,
457 574 503 638 ἔξω
518 575 597 631 δυοῒν
610 576 736 650 ῥημοίτων
756 579 789 631 τοί
802 579 884 633 λοιποὶ
950 586 955 595 ’

116 664 163 730 τής
176 661 264 724 λέξεως
289 661 372 736 μύρια
398 661 489 717 πιίντα
508 659 581 716 ἐστὶν
599 655 661 731 ἤτοι
674 658 841 732 δισύλλαβα,
868 659 885 731 ή

114 742 326 815 μονοσύλλαβα·
353 744 444 800 ἔπειτα
461 739 550 817 ήμίσει
569 744 679 810 πλείους
698 741 765 801 εἰσίν
785 744 814 800 αἶ
826 767 885 818 μα-
931 786 932 790 ,

115 827 179 903 κραί
198 829 335 900 συλλαβαί
361 830 413 885 τῶν
437 830 571 903 βραχειῶν
583 833 612 885 ἐν
630 831 743 903 ἐκατέρῳ
757 829 810 885 τῶν
823 832 886 886 στί-

116 934 185 984 χων·
211 909 306 970 ἔπειθ’
327 909 434 972 ἅπασαι
453 914 650 988 διαβεβήκασιν
669 911 764 995 affin
779 911 886 985 διαμιλ-

116 1019 170 1054 των
183 995 315 1074 ἁρμονίαι
329 997 470 1073 διαβάσεις
483 995 647 1074 εύμεγέθεις,
674 996 721 1053 καί
742 997 887 1067 διεστήκα-

74 1148 83 1159 “
116 1103 144 1139 οι
158 1084 233 1139 πάνυ
245 1080 397 1158 αἰσθητῶς,
421 1080 440 1152 ή
459 1086 511 1140 τῶν
524 1085 684 1156 φωνηέντων
697 1086 887 1158 συγκρουομέ-

117 1188 177 1235 νων,
203 1165 287 1235 ἢτῶν
301 1164 446 1240 ἡμιφώνων
471 1189 498 1224 τε
510 1166 556 1224 καί
581 1165 697 1239 οίφιύνων
716 1172 886 1241 συναπτομέ·

117 1271 183 1307 νων·
210 1254 332 1324 ῥυθμοῖς
344 1273 371 1307 τε
390 1253 436 1308 καί
456 1252 599 1319 δακτύλοις
610 1252 655 1309 καί
666 1251 820 1319 σπονδείοις
832 1256 888 1316 τοῖς

117 1336 271 1408 μηκίστοις,
296 1335 343 1392 καί
355 1337 483 1407 πλείστην
502 1336 594 1409 έχουσι
608 1337 749 1410 διοίβασιν,
778 1331 887 1393 ἅπαντα

118 1418 266 1494 σύγκειται.
295 1422 322 1476 τί
339 1420 372 1491 δή
392 1421 496 1479 τούτων
509 1419 625 1479 ἕκαστον
639 1421 768 1488 δύναταις
795 1419 824 1475 αί
836 1422 885 1492 μέν

119 1504 324 1577 μονοσύλλαβοί
349 1527 377 1562 τε
404 1506 451 1562 καὶ
475 1506 635 1579 δισύλλαβοι
652 1508 743 1578 λέξεις,
771 1507 887 1571 πολλούς

119 1589 217 1660 μεταξύ
228 1592 344 1661 χρόνους
355 1586 475 1662 ιίλλήλων
493 1588 706 1656 ἄπολείπουοαι,
735 1592 765 1645 τδ
776 1593 887 1665 χρδνιον

120 1674 286 1744 ἐμιμήσαντο
314 1676 362 1728 τού
389 1674 484 1750 ἔργον·
509 1674 539 1732 αί
564 1675 593 1732 δι’
615 1672 720 1751 μακραί
742 1675 885 1748 συλλαβαί,

119 1757 282 1831 στηριγμούς
309 1778 382 1824 τινας
407 1759 517 1830 ἔχουσαι
543 1761 589 1817 καί
610 1761 811 1836 ἐγκαθίσματα,
838 1762 886 1829 τήν

117 1839 288 1906 ἀντιτυπίαν,
318 1843 407 1900 καὶτὸ
422 1845 503 1918 βαρύ,
529 1843 575 1901 καί
589 1847 620 1901 τδ
634 1845 725 1918 μδγις·
749 1845 780 1898 τδ
795 1843 824 1900 δέ
836 1866 885 1918 με-

118 1928 181 1991 ταξύ
196 1928 247 1982 τῶν
273 1922 413 2002 δνομιίτων
440 1928 543 2004 ψύγμα,
572 1929 619 1986 καί
636 1924 652 2000 ή
672 1931 722 1984 τῶν
736 1931 886 2004 τραχυνόν-

117 2032 169 2066 των
191 2013 360 2087 γραμμοίτων
386 2015 550 2088 παράθεσις,
578 2016 612 2071 τιί
639 2013 816 2086 διαλείμματα
840 2017 886 2084 τής

115 2097 262 2169 ἐνεργείας,
288 2100 386 2168 ίποχοίς
399 2120 426 2154 τε
445 2095 491 2156 καί
509 2102 558 2156 τού
576 2101 686 2174 μόχθου
703 2102 834 2173 μέγεθος·
860 2097 886 2154 οί

117 2179 222 2255 ῥυθμοί
237 2176 266 2238 δ’
287 2186 315 2239 έν
327 2184 405 2255 μήκει
423 2183 622 2260 θεωρούμενοι,
649 2185 698 2253 τήν
712 2183 820 2240 ἔκτασιν
835 2185 885 2237 τῶν

114 2267 209 2336 μελῶν,
237 2265 283 2322 καί
295 2269 343 2324 τδν
357 2268 515 2343 διελκυσμδν
528 2273 578 2327 τού
593 2267 743 2332 κυλίοντος,
770 2267 816 2323 καί
836 2268 884 2336 τήν

118 2352 167 2403 τού
182 2351 281 2424 πέτρου
295 2350 398 2426 έρεισιν.
427 2353 473 2409 καί
488 2348 530 2409 ὅτι
544 2347 625 2410 ταῦτ’
648 2347 680 2409 ού
694 2351 798 2424 φύσεώς
812 2357 883 2408 ἐστιν

114 2430 348 2506 αὐτοματιζούσης
365 2435 444 2511 ἔργα,
472 2433 540 2494 ιίλλοί
558 2441 647 2508 τέχνης
658 2437 836 2511 μιμήσασθαι
850 2437 882 2492 τοί

113 2519 243 2592 γινόμενα
257 2522 427 2592 πειρωμένης,
454 2525 488 2578 τοί
501 2524 607 2589 τούτοις
620 2524 676 2591 ἑξῆς
689 2523 818 2594 λεγόμενα
833 2520 882 2591 δη·

111 2604 165 2658 λσί,
179 2600 349 2681 εδνγοίρύπδ
358 2609 729 2686 τήςκορυφῆςέπιστρέφονια
741 2608 824 2662 ποίλιν
836 2606 882 2662 καί

89 2687 335 2757 κατακυλιδμτνσν
361 2691 464 2770 πέτρον
490 2690 524 2752 ού
550 2696 596 2752 τδν
624 2687 707 2749 αύτδν
734 2686 882 2766 ήρμήνευνε
