1950 2954
219 175 263 227 DE
274 175 427 228 THVCYD.
441 172 580 225 HISTOR.
595 175 767 227 lvmclffl.
821 180 870 234 125

103 279 196 351 vait-w,
220 279 307 335 ταΰτα
320 279 473 354 ἐπεχείρουν
486 280 586 351 λέγειν,
613 278 740 350 ἓπαηθώς
753 275 868 352 ἤνεγκαν

102 362 138 418 ῶν
154 362 180 418 οῖ
194 364 241 418 τδν
254 367 344 421 κοινόν
361 364 426 437 βίον
451 363 670 439 ἐξημερώσαντες.
701 362 817 438 ἐγὼμὲν
837 364 869 430 δή

105 447 150 502 διιί
168 447 266 512 ταώτας
283 451 331 512 τώς
351 445 439 513 αίτίας
457 443 506 504 οδκ
524 449 624 506 ἐπαινῶ
643 449 690 504 τὸν
707 449 788 520 λόγον
802 449 869 503 τοῖ-

103 553 162 598 τον,
181 530 422 607 ἀντιπαρεξετάζων
435 535 481 589 τδν
495 531 592 609 ἕτερον.
611 535 640 588 ἐν
652 533 742 605 ἐκείνῳ
754 532 803 605 μέν
816 535 869 606 γάρ

100 613 254 691 Ἀρχίδαμος
273 617 288 672 δ
307 618 524 691 Λακεδαιμόνιος
545 615 636 674 δίκαιοί
652 638 680 672 τε
693 619 868 693 προκαλεῖται

103 702 166 763 τούς
180 703 335 766 Πλαταιεῖς,
357 700 403 756 καί
416 704 480 764 λέξει
492 704 616 775 κέχρηται
630 700 745 778 καθαρᾷ
758 702 803 758 καὶ
816 722 866 757 σα·

104 788 157 856 φεῖ,
176 785 224 839 καί
238 780 317 839 οὐδέν
328 784 424 859 έχοῦση
439 787 528 859 σγήμα
541 787 783 860 βεβασανισμένον,
804 782 867 841 οὐδὲ

104 868 313 925 ἀνακόλουθον·
338 868 471 944 ἐντούτῳ
494 870 523 925 δέ
542 869 569 926 οῖ
595 870 794 945 φρονιμώτατοι
816 871 868 924 τῶν

101 949 231 1022 Ἐλλήνων
246 954 370 1022 αἴσχιστα
384 953 432 1027 μέν
450 955 630 1028 ἐνθυμήματα
649 956 788 1029 φέρουσιν,
814 951 867 1022 οίη-

103 1037 218 1111 δεσταίτη
233 1031 261 1093 δ’
282 1033 353 1093 αὗταί
367 1040 599 1115 περιλαμβάνουσι
616 1041 694 1103 λέξει·
721 1035 744 1093 εῖ
761 1038 798 1109 μή
812 1033 866 1113 ἄρα

102 1125 274 1194 μνησικακῶν
292 1143 307 1178 ο
321 1123 495 1198 συγγραφέως
508 1144 540 1198 τη
530 1123 630 1178 πόλει
656 1121 746 1178 διώ
716 1143 764 1191 την
782 1141 867 1176 κατα-

103 1207 190 1280 δίκην
216 1209 303 1262 ταῶτα
326 1209 360 1263 τοί
387 1203 477 1278 δνείδη
504 1205 696 1264 κατεσκέδασεν
720 1200 813 1276 αώτής,
842 1210 867 1268 ἐξ

103 1275 139 1344 ῶν
152 1286 269 1354 ἅπαντες
282 1294 405 1361 μισήσειν
419 1289 504 1360 αδτήν
517 1286 673 1362 έμελλυν.
654 1314 671 1347 α
684 1288 735 1365 γιίρ
750 1288 776 1346 οῖ
787 1311 867 1365 προε-

102 1378 271 1443 στηκδτες”
238 1397 288 1430 των
303 1377 416 1442 πόλεων,
444 1398 490 1432 και
480 1375 664 1446 τηλικαώτας
676 1377 796 1441 ἐξουσίας
818 1396 865 1430 πι-

105 1459 273 1531 στευόμενοι,
301 1463 414 1535 φρονεῖν
431 1483 456 1516 τε
472 1481 516 1517 και
508 1460 616 1533 λέγειν
630 1454 739 1535 πρὸς
710 1483 758 1526 τας
777 1460 865 1525 πδλεις

102 1541 170 1619 ὗπὲρ
183 1546 230 1613 τής
243 1539 330 1602 αὐτῶν
343 1546 489 1623 πατρίδος,
510 1548 597 1600 ταῦτα
611 1541 688 1602 κοινοί
704 1544 866 1616 ώπολαμβαί-

103 1649 196 1685 νουσιν
223 1624 340 1692 ἅπαντες
366 1625 434 1686 εἶναι
458 1634 502 1700 τής
526 1629 742 1699 ἀποστελλούσης
768 1631 866 1692 πόλεως

104 1707 210 1778 αὐτοὺς.
242 1714 287 1770 καὶ
301 1713 361 1786 περὶ
374 1716 422 1788 μέν
436 1718 488 1770 τῶν
504 1715 634 1791 διαλόγων
648 1712 714 1780 ῶλις.

168 1797 215 1852 42.
244 1800 303 1852 Τῶν
323 1796 508 1873 δημηγορικῶν
526 1803 610 1874 λόγων
637 1799 799 1871 τεθαώμακα
817 1798 866 1868 μὲν

103 1881 176 1933 τδν’
164 1898 192 1933 εν
205 1879 238 1953 τή
263 1880 354 1953 πρώτη
374 1883 460 1984 βίβλρτ
485 1885 607 1955 ρηθέντα
620 1887 648 1937 ἐν
670 1878 797 1949 Ἀθήναις
811 1880 864 1935 ὑπὸ

103 1962 266 2038 Περικλέους
279 1961 340 2036 περὶ
353 1967 401 2019 τοῦ
407 1968 465 2066 μή
465 1966 543 2019 είκειν
556 1964 797 2066 Λακεδαιμονίρις,
819 1967 866 2019 τὸν

103 2048 197 2118 έχοντα
223 2046 302 2116 τήνδε
326 2047 374 2111 τήν
400 2044 497 2124 ἄρχήν·
533 2051 610 2120 ,,Ί“ής
636 2050 684 2120 μέν
708 2047 820 2120 γνώμης,
847 2037 867 2101 ώ

102 2127 277 2204 ,,Ἀθηναῖοι,
300 2127 343 2185 οῖεί
368 2134 414 2200 τῆς
441 2125 641 2205 αῧτήςέγομαι,
667 2132 794 2201 μήεέκειν
810 2139 865 2185 Πε-

102 2216 353 2285 ,,λοποννησίοις·“
375 2215 409 2280 ῶς
429 2214 473 2271 καί
493 2219 548 2280 τοῖς
572 2209 794 2286 ἐνθυμήμασιν
779 2234 866 2287 ηρμη-

103 2303 228 2372 νευμένον
244 2300 395 2371 δαιμονίως,
421 2299 469 2357 καί
495 2295 557 2357 οώττ
583 2295 652 2356 κατοί
669 2299 718 2366 τήν
737 2296 867 2356 στἰνθεσιν

102 2386 268 2457 τῶνμορίων,
281 2382 421 2441 οδτεκατα
431 2387 479 2455 τήν
487 2385 631 2460 ἐξαλλαγήν
637 2386 865 2458 τῶνσγηματισμ-

100 2472 138 2524 ῶν
157 2471 208 2523 τῶν
234 2466 434 2527 ἆνακολοίιθων
451 2469 497 2527 καί
515 2472 699 2544 βεβιασμένων
718 2472 864 2539 ἐνοχλοῦν-

101 2575 134 2608 τα
141 2574 284 2627 ταςωιοας,
299 2557 387 2621 πασας
394 2553 423 2612 δε
433 2551 819 2634 περιειληφόταταςαρετας
809 2555 880 2605 στὶν·

91 2657 139 2688 ναι
155 2637 302 2708 γίγνονται
328 2641 393 2720 περί
420 2642 650 2728 δημηγορικοῖς
681 2639 733 2698 και
758 2639 832 2695 τοὶς
844 2628 907 2680 Ἠῶ
