1950 2954
189 116 233 165 DE
251 114 523 169 COMPOSlTIONE
540 116 741 170 VERBORVM·
826 122 862 177 85

96 222 148 276 τοῖν
161 222 351 296 σχηματισμῶν
364 222 497 291 καινότης,
524 221 571 280 καί
587 224 616 278 τά
630 225 676 294 τῆς
688 218 861 287 ἀκολουθίας

96 303 284 380 ὑπεροπτικὸν,
297 305 343 362 καί
356 309 389 360 τά
403 301 486 378 άλλα,
505 301 559 362 ε’σα
569 308 800 378 χαρακτηριστικὰ
813 309 860 375 τῆς

96 388 273 495 ἀκορριεάτου
285 412 311 446 τε
325 390 371 446 καί
384 385 520 463 αάοτνράς
527 393 720 465 ἐπελογισάμην
733 388 800 445 ὅντα
814 388 861 465 άρ·

95 476 199 546 μανίας.
214 470 323 531 ἅπαντα
336 477 390 551 γάρ
402 479 531 541 ἐπεξιέναι
550 478 630 531 πάλιν
643 474 688 531 ἐπί
702 476 753 529 τῶν
767 494 861 547 παρα-

99 556 255 632 δειχμάταεν,
270 581 318 615 και
308 556 566 635 καταδαπανρῗν’
544 580 581 633 εις
592 561 678 616 ταῦτα
692 560 739 614 τάν
749 560 858 633 χρόνον,

96 637 146 699 οάκ
161 639 313 718 ἀναγκαῖον
331 639 460 715 ἡγοῦμαι.

132 757 251 825 Quinam
277 758 423 810 character
454 758 493 809 sit
520 757 627 826 politae
657 758 827 826 βονίάοερειε

374 827 586 915 compositionis.

156 892 267 954 XXIII.
288 892 324 952 ‘H
342 896 370 954 δὲ
394 898 523 973 γλαφυρά
536 918 581 953 και
571 893 706 1000 ἀνθηρά
720 896 858 964 σελνθτοις,

96 975 127 1047 ἣν
142 978 269 1054 δευτέραν
282 982 385 1053 ἐθέμην
410 981 444 1055 τῇ
469 983 547 1053 τάξει,
572 983 730 1056 χαρακτῆρα
755 981 860 1038 τοιάνδε

96 1083 161 1135 εχει·
176 1084 210 1120 ου
200 1058 297 1133 ’ζητεῖ
309 1060 377 1121 καθ’
402 1064 545 1122 ἕκαστον”
528 1084 616 1139 ονομα
630 1067 658 1120 ἐκ
685 1066 860 1138 περιφανείας

96 1147 228 1219 ὁρᾶσθαι,
243 1142 308 1205 οὔδ’
327 1153 355 1205 ἐν
368 1145 433 1224 λέλρᾳ
446 1152 536 1206 πάντα
547 1149 692 1220 βεβηκέναι
705 1150 819 1223 πλατείη
832 1170 858 1205 τε

95 1231 139 1287 καί
152 1228 282 1304 ἀσφαλεῖ,
292 1228 357 1289 οὐδὲ
369 1234 490 1310 μακροὺς
502 1234 565 1298 τοὺς
575 1234 674 1305 μεταξὺ
688 1229 777 1290 αὐτῶν
789 1227 859 1289 εἶναι

94 1318 218 1392 χρόνους,
235 1312 287 1372 οελεῖ
295 1311 304 1335 '
332 1313 397 1381 ὅλαις
409 1321 440 1375 τά
452 1317 543 1393 βραδὺ
561 1316 607 1372 καί
618 1319 764 1392 σταθηρόν
777 1320 858 1375 τοῦτο

95 1400 174 1472 φίλον
186 1396 267 1474 αὐτῇ,
281 1398 349 1457 ἀλλά
363 1400 410 1458 καῖ
427 1405 566 1459 κινεῖσθαι
589 1400 717 1473 βοίιλεται
730 1402 779 1471 τήν
793 1398 858 1457 ἀνο-

94 1486 205 1556 μασίαν,
219 1485 265 1540 καί
278 1488 422 1559 φέρεσθαι,
437 1484 484 1542 καί
498 1487 603 1559 θάτερα
617 1487 687 1541 κατά
701 1488 751 1541 τῶν
765 1488 859 1559 ἑτίροιν

96 1565 236 1640 ὀνομάτων
267 1566 412 1639 ὀχεῖσθαι,
452 1572 502 1639 τὴν
536 1568 714 1640 ἀλληλουχίαν
747 1573 858 1644 λαμβά-

97 1672 176 1709 νοντα
189 1654 285 1726 βάσιν,
301 1650 388 1728 ὥσπερ
402 1657 434 1708 τά
450 1658 544 1729 ῥέοντα
558 1657 666 1727 νάματα
679 1653 725 1710 καί
737 1655 856 1724 μηδέπο-

97 1757 122 1792 τε
136 1736 319 1812 ἀτρεμοῦντα·
345 1741 529 1810 συνειλῆφθαί
553 1733 575 1793 τ’
589 1736 711 1809 ἀλληλοις
726 1737 797 1801 ἀξιοῖ
811 1738 856 1794 καί

98 1824 278 1893 συνυφάνθαι
291 1823 324 1877 τά
334 1825 418 1898 μόρια
431 1826 476 1893 τῆς
496 1825 582 1890 λέξεως
594 1822 660 1895 ὄψιν
672 1820 857 1878 ἀποτελοῦντα

98 1903 271 1979 τίςάίιναμιν.
294 1910 376 1963 τοῦτο
403 1907 432 1962 ἀί
457 1910 583 1965 ποιοῦσιν
596 1907 627 1963 οιί
647 1909 698 1963 τοῖν
721 1905 856 1979 ἁρμονιῶν

99 1987 244 2065 ἀκρίβειαι,
264 1994 364 2066 χρόνον
377 1987 513 2062 αἰσθητόν
526 1988 622 2050 οὐδένα
635 1994 682 2047 τὸν
696 1991 792 2062 μεταξὺ
807 1993 857 2044 τῶν

99 2070 237 2146 ἀκαμάτων
263 2077 468 2148 λαμβάνουσαι·
496 2074 564 2132 ἔοικέ
589 2097 616 2133 τε
635 2076 704 2131 κατά
731 2077 811 2128 τοῦτο
826 2075 857 2128 τά

98 2154 322 2234 με’ροςεῦητρίοις
348 2159 443 2232 ὑφαῖς,
470 2157 488 2231 ἢ
512 2163 632 2235 γραφαῖς
645 2159 859 2230 συνεφθαρμένα

99 2244 130 2298 τά
142 2247 262 2317 φωτεινά
278 2247 334 2308 τοῖς
351 2248 464 2322 σκιεροῖς
480 2244 611 2316 ἐχούσαις.
626 2238 734 2316 εὔφωνά
747 2261 774 2296 τε
788 2241 856 2313 βοά-

98 2329 165 2385 λεεαι
180 2323 250 2385 εἶναι
276 2330 364 2384 πάντα
379 2327 502 2400 ἀκάματα
528 2329 574 2385 καὶ
587 2331 653 2396 λεῖα,
680 2325 726 2382 καί
739 2328 857 2397 μαλακά,

98 2412 140 2468 καί
154 2413 333 2489 παρθενωπά.
357 2415 491 2488 τραχείαις
505 2413 533 2468 ἀὲ
552 2413 699 2484 συλλαβαῖς
723 2410 770 2466 καί
784 2407 856 2465 ἀντι-

98 2495 187 2562 τίποις
199 2494 353 2569 ἀπέχθεταί
365 2518 434 2556 που·
449 2500 479 2554 τά
493 2497 520 2554 δὲ
533 2497 628 2575 θρασὺ
641 2497 699 2557 τεάν
714 2493 764 2555 καὶ
778 2515 878 2570 παρυ-

98 2583 327 2654 κεκινιλυντυμελον
337 2583 385 2639 καί
397 2578 433 2640 δι’
448 2578 595 2657 εθλαβείας
607 2586 675 2664 ἐ’χει.
