1950 2954
156 178 210 238 214
258 238 262 247 ¹
322 170 484 223 υιοανειε
504 168 758 221 ΗΑοιοΑιενΑεο.

155 277 200 338 δτι
226 279 310 350 φίνσιν
341 277 393 346 ἔχει
419 277 502 349 μηδέν
527 279 579 332 τῶν
612 276 773 332 σπουδαίων
800 277 818 351 ρ
876 294 927 333 ταν

157 363 275 439 ἀμοιρον
290 360 360 436 ὥρας
378 358 446 418 εἶναι
472 360 518 418 καί
542 362 652 434 χοίριτος
678 358 762 426 ίδίας,
791 363 926 418 τοσοῦτον

156 452 243 521 μόνον
263 451 356 504 εἰπεῖν.

224 537 271 590 39.
293 528 337 585 Ἐν
349 531 398 602 μέν
411 529 444 599 δὴ
458 532 512 593 τοῖς
524 528 673 598 ἐλαχίστοις
686 550 714 585 τε
724 528 772 585 καί
788 529 928 598 στοιχειοῖ-

157 619 214 673 δεσι
227 617 386 688 μορίοιςτῆς
397 616 485 677 λέξεως
497 614 585 668 ταῦτα
595 617 784 689 χαρακτηρικὰ
797 617 845 683 τῆς
858 617 928 689 πρίν·

158 723 201 770 της
217 699 290 755 ἐστίν
304 696 450 771 ἀρμονίας·
477 701 506 754 έν
526 697 553 752 δέ
568 702 624 761 τοῖς
637 699 814 774 καλουμένοις
825 699 926 771 κίιλοις,

156 808 174 840 α
160 780 347 840 συντίθεται
358 785 408 856 μέν
423 785 452 837 ἐκ
471 784 523 838 τῶν
543 779 698 871 ονομοίτων,
726 786 887 857 συμπληροῖ
900 782 928 839 δέ

156 871 203 932 τοίς
217 867 370 943 περιόδους,
398 887 432 922 ου
422 861 529 937 ’μόνον
542 869 644 941 ταῦτα,
672 864 740 924 ἀλλά
752 888 804 922 και
794 865 849 923 τδ
863 867 928 932 τοίις

157 953 285 1027 ῥυθμοὺς
299 952 360 1017 τοὺς
373 972 606 1024 καταμετρονντας
607 947 701 1055 μδτὰ,
718 952 758 1026 μὴ
772 952 927 1025 ταπεινοίις,

157 1036 225 1109 μηδὲ
238 1037 407 1107 μαλθακοδς,
434 1031 503 1108 μηδ’
531 1033 634 1110 ἀγινεῖς
653 1029 732 1104 εἶναι,
761 1035 884 1110 υψηλοδς
898 1034 928 1091 δέ

158 1122 204 1177 καί
217 1119 360 1194 ἀνδρώδεις
374 1118 420 1174 καί
436 1123 654 1197 μεγαλοπρεπεῖς.
681 1116 715 1176 οὗ
728 1123 782 1195 γάρ
800 1120 835 1190 δὴ
849 1121 926 1192 φαῦ-

156 1208 202 1261 λδν
217 1229 240 1260 τι
256 1206 370 1278 πράγμα
385 1205 494 1278 ῥυθμὸς
507 1208 535 1260 ἐν
549 1206 647 1280 λόγοις,
676 1201 741 1261 οιίδέ
763 1206 925 1280 προσθήκης

155 1292 227 1355 τινὸς
240 1293 339 1364 μοῖραν
352 1288 412 1358 ίχον
425 1285 473 1346 οὖν
489 1285 655 1363 ἀναγκαίας·
682 1284 739 1344 ἀλλ’
753 1290 777 1344 τί
791 1290 833 1345 δεῖ
846 1286 924 1359 τοίίπμ

156 1375 213 1441 θές,
238 1372 272 1438 ὦς
285 1376 333 1445 ἐμὴ
348 1373 419 1440 δόξα,
437 1370 527 1442 εἰπεῖν,
548 1372 675 1429 ἁπάντων
686 1373 857 1447 κυριώτατον
874 1375 924 1429 τῶν

156 1459 296 1533 γοητεύειν
323 1459 486 1531 δυναμένων,
514 1460 604 1528 κηλεῖν
621 1459 669 1522 τοῖς
696 1455 789 1521 ἀκοοίς.
817 1460 884 1532 πρδς
897 1457 924 1512 δέ

156 1548 213 1605 τοῖς
228 1547 349 1616 ῥυθμοῖς
362 1543 408 1598 καί
421 1543 451 1598 τδ
466 1542 529 1604 ιοδς
542 1542 804 1614 σχηματισμοίιετοῖν
817 1543 924 1598 ἐννοιῶν
969 1602 971 1606 ,

153 1628 296 1700 γενναίους
316 1622 385 1682 εἶναι
411 1626 457 1680 καί
481 1623 685 1698 ἀξιωματικοὺς,
714 1622 747 1681 οὔ
761 1628 851 1697 μόνον
864 1625 924 1690 τοίνς

156 1712 225 1765 καιά
238 1710 284 1771 τάς
298 1711 416 1779 νοήσεις,
445 1705 513 1763 ἀλλά
543 1706 659 1766 καίκαά
688 1706 773 1779 αδτήν
794 1712 842 1779 την
860 1713 926 1772 λέξιν

156 1796 373 1865 συνισταμένους.
402 1796 616 1868 ἐξαριθμεῖσθαι
643 1795 671 1850 δέ
697 1797 753 1868 νῦν,
784 1791 837 1851 ὅσα
864 1798 926 1867 γένη

156 1881 347 1952 σχηματισμῶν
374 1882 444 1943 ἐστι,
471 1881 523 1935 τῶν
550 1901 577 1935 τε
603 1882 854 1951 κατωνομασμένων
881 1878 927 1933 καί

155 1967 208 2017 τῶν
235 1960 473 2035 ἀκατονομάστων,
498 1963 544 2018 καί
569 1966 638 2020 τίσιν
664 1959 754 2019 αιίτῶν
774 1958 791 2030 ἧ
813 1963 926 2031 τοιαύτη

155 2049 273 2118 μάλιστα
287 2049 404 2118 πέφυκεν
419 2045 536 2120 ἁρμονία
547 2048 665 2122 χαίρειν,
694 2044 744 2102 οὖκ
757 2046 808 2116 ἔχω
822 2050 927 2122 καιρόν·

155 2132 214 2186 ἐπεὶ
238 2135 283 2198 τῆς
307 2131 438 2229 ἀρμονίας
464 2131 563 2201 ταίνης
589 2129 688 2187 σίκεῖδν
704 2130 821 2186 ἐστικαὶ
834 2132 867 2186 νδ
881 2132 928 2195 τοὶς

155 2212 350 2289 περιόδονς’
315 2216 485 2288 αυτουργοίις
502 2236 575 2279 τινας
588 2211 657 2271 εἶναι
670 2237 716 2271 και
707 2213 851 2286 ἀφελεῖς,
881 2213 927 2271 καί

157 2388 377 2457 αετρουμένας
348 2385 383 2438 ποῖ
395 2383 528 2485 πνεύματι
539 2405 588 2439 του
573 2387 731 2456 λέγοντος,
745 2383 816 2455 μηδέ
827 2405 860 2455 γε
875 2406 928 2438 πα

154 2469 349 2543 ραιιληριίιμασι
374 2470 426 2523 τῶν
454 2466 594 2542 ὀνομάτων
617 2467 667 2525 οὔκ
695 2467 914 2539 ἀναγκαίοις,
895 2491 928 2534 ως

148 2556 222 2630 πρὸς
237 2557 287 2628 την
317 2555 496 2632 ὑποκειμένην
526 2555 666 2622 διάνοιαν,
689 2554 832 2626 χρωμένας,
859 2549 927 2624 μηδ’

138 2640 178 2712 εἷς
195 2648 380 2731 θεαιρικοίις
401 2668 481 2713 τινας
500 2640 548 2699 καλ
568 2636 725 2716 γλαφυρῶς
739 2636 941 2702 *W'WQW

45 2878 181 2914 Α.
442 2856 468 2895 '³⁵
