1950 2954
186 182 234 232 DE
253 182 405 235 THVGYD.
428 183 568 235 HISTOR.
586 184 754 236 IVDICIVM¹
832 187 865 243 77

98 308 176 362 „pote
189 291 245 352 τοίς
259 290 413 364 πράγμασι,
435 289 480 345 καί
494 286 543 358 οὐχ
556 276 640 360 ήσσον
652 293 708 354 τοίς
723 293 865 345 Πελοπον-

98 373 222 440 ,μησίοις
237 373 282 427 διά
294 376 344 439 τήν
364 376 468 447 φυγήν,
493 370 558 430 καθ’
585 371 698 443 ήσυχίαν
725 394 750 428 τι
776 372 864 429 αὐτῶν

98 457 220 531 ,μᾶλλον
245 454 408 513 αἰσθέσθαι.
436 461 485 526 τήν
512 446 641 528 οιίνμιτά
655 457 713 534 [τά]
742 456 804 512 δέκα
818 456 862 524 ἔτη

97 539 256 615 »διαφοράν
274 541 359 596 τεκαὶ
385 541 511 613 ξύγχυσιν
537 545 588 597 τῶν
602 542 741 607 σπονδῶν,
770 540 815 596 καί
830 543 863 594 τά

98 623 218 691 ,ἔπειτα
232 622 265 688 ὥς
278 626 449 696 ἐπολεμήθη,
462 628 653 700 ἐξηγήσομαι.“

164 712 210 788 13:
230 704 291 764 'On
304 708 333 763 δέ
349 707 395 762 ιιαί
411 708 471 782 περὶ
484 711 531 773 τάς
544 713 698 785 ἐξεργασίας
712 712 764 764 τῶν
779 730 861 780 κεφα-

97 793 179 847 λαίων
193 789 273 858 ήττον
286 794 409 863 ἐπιμελής
422 797 502 861 έστιν,
526 790 543 860 ή
557 796 682 858 πλείονας
693 794 742 848 τοῦ
757 793 863 856 δέοντος

96 879 195 949 λόγους
226 875 380 941 άποδιδούς
412 879 469 941 τοίς
498 880 646 933 ἐλαττόνων
673 876 819 949 δεομένοις,
847 873 864 941 ή

98 961 291 1035 ῥᾳθυμότερον
317 963 458 1035 ἐπιτρέχων
471 962 505 1016 τά
520 961 632 1034 δεόμενα
655 961 778 1023 πλείονος
792 964 863 1034 έξερ-

96 1046 212 1119 γασίας,
226 1048 335 1108 πολλοῖς
354 1046 505 1118 τεκμηρίοις
529 1047 681 1118 βεβαιῶσαι
707 1044 863 1116 δυνάμενος,

83 1126 201 1201 ’ὀλίγοις
226 1129 375 1204 χρήσομαι,
405 1131 452 1192 τάς
465 1129 513 1201 μέν
530 1129 635 1203 πρώτας
651 1125 803 1196 Ἀθηναίων
819 1126 866 1183 καί

97 1214 327 1281 Πελοποννησίων
348 1214 498 1286 ναυμαχίας
512 1210 667 1289 ἀμφοτέρας
680 1211 742 1286 περί
757 1213 806 1281 τήν
818 1232 863 1266 τει-

97 1298 193 1362 λευτήν
207 1301 253 1367 ιής
268 1296 393 1370 δευτέρας
410 1299 510 1371 βίβλου
534 1301 649 1374 γράφειν
663 1295 822 1374 άρξάμενος·
836 1300 864 1353 ἐν

96 1373 139 1441 αἷς
152 1380 220 1453 πρὸς
239 1383 307 1437 ἑπτά
322 1381 369 1438 ιιαί
382 1383 587 1456 τεσσαράκοντα
600 1385 666 1447 ναῦς
689 1384 860 1452 Πελοποννή·

96 1465 162 1520 σίων
176 1465 261 1521 εἴκοσι
287 1465 384 1522 ναυσίν
407 1461 549 1536 Ἀθηναῖοι
573 1468 654 1541 μόνοι
680 1468 747 1540 πρὸς
760 1467 862 1520 πολλα-

95 1550 229 1615 πλασίους
247 1552 301 1606 τῶν
325 1552 474 1626 βαρβάρων
501 1552 730 1624 ναυμαχήσαντες,
759 1544 792 1615 άς
815 1550 864 1621 μίν

96 1633 272 1708 διέφθειραν,
298 1629 330 1699 οἷς
354 1630 383 1692 δ’
410 1632 582 1710 σάτάνδρους
601 1634 708 1699 ἔλαθον,
723 1629 775 1691 οάκ
789 1634 863 1691 έλάτ-

98 1738 168 1781 τους,
189 1715 286 1783 ήὸσας
300 1719 417 1775 ἔστειλαν
443 1720 488 1776 ἐπὶ
513 1722 560 1776 τδν
587 1722 714 1792 πόλεμον.
741 1719 820 1786 θήσω
836 1717 866 1771 δέ

98 1800 146 1854 ιιαί
160 1802 206 1865 τήν
222 1804 288 1865 λέξιν
312 1799 412 1858 αὐτοῦ·
437 1799 578 1878 ,Ἐγένετο
606 1802 660 1881 [δέ]
684 1804 751 1876 μετά
777 1804 864 1858 ταῦτα

98 1881 163 1949 ,μιαί
177 1879 193 1951 ή
207 1880 248 1940 ἐπ’
263 1882 451 1959 Εὐρυμέδοντι
461 1887 572 1958 ποταμῷ
587 1887 775 1959 δνΠαμφυλίρι
789 1889 837 1952 πιζ
854 1919 863 1930 ·

98 1966 215 2038 ,,μαχία,
222 1967 268 2023 καί
281 1969 418 2039 ναυμαχία
426 1965 581 2037 Ἀθηναίων
595 1969 706 2024 καὶτῶν
720 1971 860 2041 ξυμμάχων

98 2053 185 2126 ,πρὸς
199 2051 331 2121 Μήδους·
354 2050 398 2107 καί
412 2051 505 2107 ἐνίκων
519 2054 551 2125 τῇ
563 2048 632 2124 αὐτῇ
645 2048 730 2124 ήμίρᾳ
744 2050 863 2124 άμφδτε-

98 2133 314 2212 ,,ραἈθηναίοι,
343 2136 470 2208 Κίμωνος
490 2138 540 2191 τοί
567 2136 723 2192 Μιλτιάδου
750 2154 863 2209 στρατή-

98 2225 255 2295 ,,γοίιντος,
270 2219 316 2276 καί
343 2215 412 2276 εἷλον
438 2220 552 2297 τριήρεις
583 2221 724 2290 Φοινίκιον,
751 2217 864 2273 ιιαδδιέ-

99 2311 240 2379 ,,φθειραν
260 2307 309 2371 τοῖς
334 2306 424 2368 πάσας
437 2309 462 2370 ές
475 2305 646 2369 διακοσίας.“
664 2299 748 2376 ὅμοια
763 2297 792 2358 δ’
808 2299 864 2357 ἔστι

100 2385 163 2462 παρ’
179 2385 252 2463 aava}
265 2390 311 2445 καὶ
325 2390 358 2445 τά
372 2391 441 2445 ιιατά
455 2391 502 2455 τάς
514 2391 621 2456 πεζικάς
637 2390 733 2462 μάχας,
749 2383 767 2452 ή
778 2405 863 2459 μήκυ-

100 2475 198 2545 νάμινα
211 2476 279 2549 πίρα
292 2475 341 2529 τοῦ
355 2472 469 2540 δέοντος,
484 2473 503 2542 ἢ
517 2474 689 2548 συναγόμενα
702 2469 739 2535 είς
752 2470 863 2527 ίλοιττσν

100 2559 148 2612 τοῦ
176 2559 296 2631 μετρίου.
318 2560 353 2613 τά
379 2561 426 2629 μέν
451 2580 481 2632 γε
507 2559 566 2637 περί
592 2559 687 2615 Πάλον
706 2553 863 2626 Ἀθηναίοις

101 2643 266 2715 πραχθέντα,
295 2642 341 2698 καί
354 2645 387 2698 τά
402 2642 462 2721 περὶ
475 2645 523 2713 τήν
540 2641 721 2720 Σφυατήρίαυ
735 2641 873 2706 *quka-
