1950 2954
121 197 170 246 DE
181 197 302 248 ADMIR.
317 198 350 248 Vl
360 196 508 248 DICENDI
517 196 554 249 IN
563 198 746 251 DEMOSTH.
782 208 833 261 229

67 306 145 358 λιστα
162 296 189 356 δ’
216 304 312 366 ἐντοῖς
336 302 477 376 ἐγκωμίοις
496 302 548 358 τῦν
560 299 701 379 ιῦεργετῦν
714 308 760 374 τῆς
778 309 833 362 πό-

66 392 135 450 λεως,
158 385 284 460 Χαβρίου
297 406 333 453 τε,
360 387 407 443 καί
418 389 553 453 Κόνωνος,
573 388 621 444 καί
633 407 711 443 τινων
724 391 832 462 ἑτέρων·

66 464 119 541 κᾷν
134 469 169 544 τῷ
184 469 308 543 περὶτοῦ
327 472 478 544 στεφάνου,
503 470 551 526 καί
568 474 596 527 ἐν
610 466 699 536 ἄλλοις
713 476 830 543 συχνοῖς.

65 555 147 609 τοῦτο
163 552 191 608 δέ
209 552 242 623 δή
255 575 303 627 μοι
331 555 438 630 πρῶτον
451 554 621 627 ἐνθυμηθείς
634 555 709 612 δοκεῖ
727 576 832 632 συμμε-

64 638 260 710 θαρμόζεσθαι
285 641 345 704 εαῦς
370 637 518 698 ὑποθέσεσι
537 640 584 695 τόν
608 643 767 716 χαρακτῆρα
786 643 832 711 τῆς

64 723 217 785 συνθέσεως
241 724 298 786 τοῖς
324 720 506 793 ῦποκειμένοις
534 725 682 797 πράγμασι.
714 725 761 782 καί
793 725 831 781 ἔτι

64 805 132 859 ιιεται
148 806 231 860 τοῦτο
249 807 296 869 τοὶς
314 802 386 868 ἰδέας
404 808 556 881 τοῦλόγου
576 809 754 880 καταμαθὼν,
788 805 831 863 ὅτι

64 884 114 955 οῦγ
133 883 239 944 ἅπασαι
264 890 311 944 τόν
338 885 421 946 σῦκόν
446 887 611 946 ἀπαιτοῦσιν
637 887 695 947 σῦκ’
720 895 831 963 ἐκλογῆς

65 967 207 1044 ὄνσμότων
229 975 340 1046 κόσμον,
366 969 431 1030 οῦτε
456 974 614 1040 συνθέσεως,
642 970 702 1030 ἀλλ’
723 973 754 1031 αἱ
778 976 825 1046 μέν

65 1057 114 1111 τόν
126 1055 344 1133 γλαφυρώτερον,
359 1055 388 1113 αἶ
402 1058 431 1113 δέ
443 1059 491 1113 τόν
504 1053 716 1134 αδστηρότερον·
738 1059 784 1114 καὶ
799 1059 833 1133 τῇ

65 1138 168 1195 τοόιων
181 1139 374 1210 ἀκολουθήσας
384 1143 470 1217 χρείᾳ,
497 1145 531 1200 τοί
558 1142 608 1216 μέν
634 1145 767 1219 προοίμια
786 1143 831 1198 καὶ

66 1224 114 1288 τιίς
133 1222 266 1300 διηγήσεις
283 1229 356 1281 ποιεῖ
375 1229 406 1282 τό
425 1229 517 1281 πλεῖον
534 1225 648 1296 ἐγοῦσας
666 1227 716 1282 τοῦ
731 1229 831 1298 σεμνοῦ

67 1303 178 1376 τόήδί·
205 1311 252 1372 τας
270 1308 300 1363 δι’
327 1309 429 1375 πίστεις
453 1310 500 1366 καί
525 1309 589 1374 τοῦς
614 1311 761 1385 ἐπιλόγους,
786 1314 831 1381 τῆς

68 1393 114 1459 μέν
127 1386 217 1458 ήδιίας
230 1395 380 1457 συνθέσεως
403 1395 502 1451 ἐλάττω
518 1397 618 1468 μοῖραν
634 1394 760 1467 ἐχοίσας,
786 1396 831 1463 τῆς

68 1470 96 1528 δ’
115 1473 251 1551 αὗσεηρᾶς
265 1475 310 1532 καί
323 1479 504 1552 πεπινωμένης
514 1479 602 1534 πλείω.
622 1480 650 1533 ἐν
662 1471 705 1542 αίς
716 1479 766 1549 μέν
777 1481 831 1551 γιὶρ

69 1557 108 1612 δεῖ
126 1563 328 1631 κολακευθῆναι
347 1562 395 1617 τόν
409 1557 563 1637 ῦκροατήν,
591 1560 637 1616 καί
655 1565 831 1637 παρακολου-

64 1645 156 1710 θῆσαι
170 1648 226 1710 τοῖς
239 1646 392 1721 πρήγμασι,
420 1648 509 1703 κακῶν
521 1644 667 1721 οἷλλοερίων
680 1645 831 1720 διηγήσεσιν

65 1721 213 1798 αῦγμηριίς,
238 1729 323 1784 ἐνίοτε
347 1729 394 1786 καί
420 1727 511 1802 ἄηδεῒς
539 1728 689 1787 ῦκοῦοντα·
718 1730 788 1787 ἔνθα
808 1728 830 1786 εί

64 1811 101 1882 μή
116 1810 146 1862 τὸ
160 1810 318 1883 παρηδῦνον
337 1808 354 1878 ή
381 1813 511 1877 σῦνθεσις
535 1818 679 1888 ἐπενέγκοι,
706 1811 830 1887 ήπαρα-

64 1892 224 1966 μηθήσαιτο
250 1896 298 1950 τόν
323 1897 368 1963 τῆς
381 1895 504 1960 διανοίας
522 1899 634 1963 σκοπόν,
662 1892 712 1966 οῦγ
726 1894 830 1959 ἕξουσιν

65 1973 96 2032 αἱ
110 1978 211 2043 πίστεις
235 1978 319 2050 βόσιν
345 1974 470 2049 οἷσφαλῆ·
497 1981 526 2033 ἐν
539 1972 579 2044 οἷς
597 1979 627 2034 δέ
645 1982 679 2034 τοί
697 1983 765 2054 πρός
785 1981 832 2046 τήν

65 2058 202 2129 ἀλήθειαν
216 2060 262 2117 καί
287 2062 318 2117 τό
342 2065 482 2136 συμφέρον
508 2064 681 2120 συντείνοντα
695 2066 832 2136 λέγεσθαι,

66 2148 153 2201 ταῦτα
169 2144 197 2201 δέ
211 2142 344 2210 ἁπλοϊκῶς
358 2166 411 2210 πως
424 2143 470 2201 καί
482 2148 610 2219 γενναίοις
622 2147 668 2203 καί
681 2147 748 2217 μετέ
762 2167 830 2216 σιμ--

67 2231 178 2300 νόεήτσς
204 2225 341 2303 αόστηρῦς
362 2227 525 2286 ἀπαιτοῦσιν
551 2231 579 2287 οἱ
601 2229 697 2286 πολλοὶ
720 2232 832 2302 μανθοί·

66 2333 136 2371 νειν·
163 2317 193 2370 τό
208 2314 236 2370 δὲ
250 2314 360 2372 κωτίλον
373 2318 400 2370 ἐν
413 2313 518 2378 τοῦτοις
533 2313 580 2370 καὶ
593 2311 733 2384 οἷπατηλόν
759 2310 831 2388 ὥραν

67 2393 118 2453 οῦκ
137 2397 187 2466 ἔχει
212 2398 322 2455 ἐπὶτῶν
340 2401 489 2473 ἐναγωνίων
506 2399 600 2473 λόγων.
628 2395 663 2454 οῦ
676 2401 725 2465 τήν
744 2394 832 2466 αόεήν

67 2469 119 2537 σῦν
132 2484 305 2553 ἐπιστάμενος
319 2481 444 2539 ἁπάντων
453 2482 537 2555 φῦσιν
542 2525 550 2550 ,
579 2477 643 2540 οῦδέ
656 2482 718 2547 τοῦς
732 2478 833 2547 αῦτούς

66 2559 133 2638 ᾤετο
152 2564 207 2621 δεῖν
222 2568 288 2623 πῦσε
308 2568 451 2640 προσήκειν
464 2570 597 2640 κόσμους·
623 2564 695 2624 ἀλλὰ
706 2571 768 2629 τοῖς
792 2569 841 2633 μὶν

68 2649 260 2724 δήμγγορικοῖς
271 2653 302 2708 τό
316 2649 420 2732 οἷξίωμα
435 2655 485 2714 καὶ
496 2656 550 2728 τήν
565 2650 781 2734 μεγαληγνῷω
797 2643 872 2713 ffl-
