1950 2954
143 188 192 237 DE
203 188 324 238 ADMIR.
339 188 372 238 Vl
382 186 530 239 DICENDI
539 186 576 239 IN
585 187 768 240 DEMOSTH.
804 196 855 249 229

89 297 167 349 λιστα
184 287 211 346 δ’
238 295 267 347 ἐν
279 295 334 357 τοῖς
359 292 499 367 ἐγκωμίοις
518 292 570 350 τοῖν
582 288 723 369 εὐεργετῶν
736 297 782 363 τῆς
800 298 855 351 πό-

89 383 157 441 λεως,
180 376 307 451 Χαβρίου
319 397 356 444 τε,
382 377 429 434 καλ
440 378 575 443 Κόνωνος,
595 378 643 434 καί
655 397 733 433 τινων
746 380 854 452 ἑτέρων·

89 456 141 532 κᾷν
156 460 191 535 τῷ
206 462 267 534 περί
282 462 330 516 τοῦ
349 463 500 535 στεφάνου,
526 460 572 517 καῖ
590 464 619 517 έν
632 456 721 526 ἄλλοις
735 465 852 533 συχνοῖς.

88 546 170 599 τοῦτο
185 544 213 600 δέ
232 544 325 618 δῆμοι
353 546 460 620 πρῶτον
473 544 643 617 ἐνθυμηθείς
656 545 731 602 δοκεῖ
749 566 854 619 συμμε-

87 629 282 701 θαρμόζεσθαι
307 631 367 694 ταῖς
392 627 540 689 ὑποθέσεσι
560 631 607 684 τὸν
629 633 790 705 χαρακτῆρα
808 633 854 700 τῆς

87 714 239 776 συνθέσεως
263 715 320 777 τοῖς
346 711 529 784 ὓποκειμένοις
556 714 704 787 πράγμασι.
736 714 783 771 καὶ
815 714 853 769 έτι

87 797 155 850 ιεετοῖ
170 797 253 851 τοῦτο
270 797 318 860 τοῖς
337 793 408 860 ῖδέας
426 799 477 852 εοῖι
495 799 578 872 λόγου
599 798 776 870 καταμαθὼν,
811 794 853 852 ὅτι

87 875 137 947 οὐχ
155 874 261 935 ἅπασαι
286 882 333 935 τὸν
360 876 444 936 αὐτὸν
468 877 633 937 ἀπαιτοῦσιν
660 876 717 936 οὔτ’
743 884 854 954 ἐκλογῆς

88 959 229 1036 ὄνομοῖτων
251 965 363 1037 κόσμον,
390 959 453 1020 οεῖτε
478 965 636 1030 συνθέσεως,
664 960 725 1019 ἀλλ’
745 963 776 1020 αῖ
801 965 848 1036 μέν

88 1048 137 1102 τδν
149 1046 367 1124 γλαφυρίετερον,
382 1046 411 1102 αῖ
425 1048 453 1104 δέ
466 1050 514 1105 τὸν
526 1044 738 1124 αὕσεηρέτερον·
760 1047 807 1103 καῖ
821 1049 855 1121 τῇ

89 1130 191 1186 τούτων
204 1130 493 1208 οἷκολουθῆσαςγρείρι,
519 1135 554 1190 τοί
580 1132 631 1206 μέν
656 1134 789 1208 προοίμια
808 1132 853 1187 καί

89 1215 137 1280 τοῖς
156 1215 288 1291 διηγήσεις
305 1219 379 1271 ποιεῖ
398 1219 429 1273 τὸ
448 1220 539 1272 πλεῖον
557 1215 671 1286 ἐχούσας
689 1216 739 1272 τοῖ
754 1218 853 1287 σεμνοῦ

91 1301 120 1351 τα·
133 1294 201 1367 ῆδέ·
228 1301 275 1363 ταῖς
293 1299 322 1354 δὲ
349 1300 453 1365 πίστεις
476 1300 523 1356 καῖ
547 1299 612 1364 τούς
636 1301 784 1375 έπιλέγους,
808 1303 854 1369 τῆς

91 1384 138 1450 μέν
150 1377 240 1449 ῆδείας
253 1385 404 1448 συνθέσεως
426 1385 525 1441 ίλοίττω
540 1386 640 1458 μοῖραν
656 1383 783 1456 ἐχούσας,
809 1386 854 1452 τῆς

91 1461 119 1518 δ’
138 1463 274 1542 αὐστηρᾶς
288 1466 333 1523 καῖ
347 1469 526 1542 πεπινωμένης
536 1469 625 1523 πλείω.
645 1470 673 1523 έν
685 1460 728 1532 αῖς
739 1469 788 1538 μέν
800 1470 854 1540 γιὶρ

92 1547 131 1603 δεῖ
149 1554 351 1622 κολακευθῆναι
370 1553 418 1607 τὸν
432 1548 586 1626 ἅκροατῆν,
613 1549 660 1607 καῖ
678 1554 854 1627 παρακολου-

88 1635 179 1701 θῆσαι
192 1638 250 1701 τοῖς
262 1637 416 1711 πράγμασι,
443 1638 532 1693 κακῶν
544 1635 690 1710 οἶλλοτρίων
703 1635 853 1710 διηγήσεσιν

88 1712 236 1790 αδγμηριές,
261 1720 346 1775 ίνίοτε
370 1718 417 1776 καί
444 1717 534 1792 οῖηδεῖς
561 1717 713 1777 οἷκοεῖοντα·
741 1719 811 1776 ἔνθα
831 1717 853 1775 εῖ

88 1803 123 1873 μῆ
138 1802 169 1854 τὸ
184 1798 377 1874 παρηδδνονῆ
404 1803 533 1867 σεῖνθεσις
558 1807 702 1877 ἐπενέγκοι,
729 1800 852 1877 ῆπσιρα-

87 1884 246 1958 μηθῆοαιτο
273 1886 321 1941 τδν
346 1887 391 1954 τῆς
405 1885 527 1950 διανοίας
545 1891 657 1952 σκοπὸν,
685 1881 735 1955 οὔχ
749 1882 852 1947 ἕξουσιν

89 1965 120 2022 αῖ
133 1969 234 2034 πίστεις
258 1969 342 2041 βοίσιν
369 1964 493 2040 ἀσφαλῆ·
520 1971 549 2023 ίν
562 1962 602 2034 οἷς
620 1969 650 2024 δέ
667 1970 702 2023 τοί
721 1971 788 2042 πρὸς
808 1969 854 2036 τῆν

90 2050 225 2121 οῖλῆθτιαν
239 2050 284 2108 καῖ
309 2053 341 2108 τδ
365 2055 506 2126 συμφέρον
531 2054 704 2109 συντείνοντα
718 2054 855 2124 λέγεσθαι,

90 2139 177 2192 ταῦτα
193 2136 221 2192 δέ
234 2134 368 2201 ἁπλοϊκῶς
381 2157 434 2201 πως
447 2133 494 2191 καί
505 2137 632 2210 γενναίως
645 2136 691 2192 καῖ
704 2137 771 2205 μετοὶ
785 2155 853 2204 aqum

91 2222 201 2291 νότητος
227 2216 364 2295 αὐστηρᾶς
385 2218 548 2277 ἄπαιτοῖισιν
574 2220 603 2277 οῖ
623 2218 720 2275 πολλοὶ
743 2219 855 2289 μανθοῖ·

91 2324 159 2361 νειν·
187 2308 216 2361 τδ
232 2305 260 2361 δέ
274 2305 384 2362 κωτίλον
396 2308 423 2360 έν
436 2303 541 2368 τοῖτοις
557 2303 603 2360 καῖ
616 2300 757 2373 οῖπατηλδν
782 2297 854 2376 δέραν

92 2384 142 2444 οὐκ
161 2388 211 2458 ἔχει
236 2389 280 2446 eni
294 2390 345 2444 τῶν
364 2391 513 2463 ἐναγωνίων
530 2388 623 2461 λέγων.
652 2383 686 2443 οδ
699 2389 748 2453 τῆν
767 2381 855 2454 αέτῆν

92 2460 143 2527 οὖν
156 2475 329 2544 ἐπιστάμενος
342 2471 467 2529 οῖποῖντοεν
477 2471 574 2544 φεῖσιν,
603 2466 667 2528 οδδέ
679 2471 742 2535 τούς
755 2465 856 2534 αὖτοὺς

92 2550 157 2628 ᾤετο
176 2554 231 2610 δεῖν
245 2559 312 2612 τιιῖσι
331 2558 475 2630 προσῆκειν
488 2559 620 2629 κόσμους·
647 2553 714 2612 οῖλλολ
728 2559 783 2620 τοῖς
805 2556 855 2627 μέν

93 2639 285 2715 δημηγορικοῖς
297 2643 327 2697 τέ
342 2638 444 2715 ἀξίωμα
457 2641 504 2698 καὶ
516 2643 565 2712 τῆν
577 2641 776 2717 μεγαληγορίαν
792 2641 861 2708 ωιλλ-
