1950 2954
106 173 155 226 112
222 166 383 220 DIONYSII
399 136 749 218 mchRNAssENsls

105 273 155 344 εἴη,
169 252 213 330 ὅτι
222 271 382 338 τιλεείτατος
390 268 439 330 δ’
420 269 502 346 αγύν,
515 293 562 328 και
551 245 700 336 ἀνενύεάς
712 269 873 344 κεκραμένος

105 379 151 412 και
141 357 240 432 ῥύμη
254 355 448 434 σοιμάτιιν,καλ
460 357 635 430 καλλιφωνία,
642 352 688 411 καί
700 357 757 419 τούς
769 356 875 420 λοιποῖς

105 445 196 515 μέρεσι
209 444 256 511 τῆς
268 444 414 514 μουσικῆς·
428 443 453 497 εί
465 441 495 497 ύί
506 436 675 517 γυμνικὸς,”
658 460 702 496 στι
715 440 764 508 τὴν
776 459 873 511 μουσι·

107 527 157 592 κήν
170 524 204 588 ὧς
216 525 423 597 ἐκθηλύνουσαν
435 526 485 593 τήν
498 527 588 599 ψυχὴν
605 525 798 599 παρῃτήσατο,
825 524 872 590 τὴν

108 611 135 664 ύί
150 611 239 684 ῥώμην
252 612 304 666 τῶν
316 611 445 683 σοιμάτοιν
459 611 611 685 παρέλαβε·
632 607 678 664 καί
688 603 732 664 ὅτι
744 607 761 663 τί
772 609 873 682 τρόπος

109 697 153 760 τῆς
167 690 285 766 ἀγωνίας
309 695 438 769 χρήσιμος
461 696 529 770 πρὸς
554 697 602 762 την
627 690 756 769 ἀνύρείαν
783 692 872 760 τὴνέν

107 782 163 842 τοῖς
178 780 313 853 πολέμοις.

175 866 202 920 6.
225 867 276 935 Μή
292 864 430 939 παρέργοις
444 861 472 917 oa·
489 857 559 934 μηδ’
579 857 662 918 αάτύν
676 863 724 916 τύν
737 861 873 931 στέφανον

108 949 257 1023 παρέλθῃς,
284 941 356 1011 ὅστις
367 950 423 1017 εἴη·
449 942 513 1004 ούύί
524 950 579 1022 γάρ
592 951 620 1002 ἐν
633 945 720 1019 τούτῳ
731 947 874 1019 γενόμενος

109 1029 251 1104 ἀπορήσεις
269 1034 392 1089 ἐπαίνου.
420 1032 467 1099 την
485 1031 534 1103 μὲν
548 1030 628 1105 ύρύν,
657 1025 699 1085 ὅτι
725 1029 785 1104 ίερά
797 1031 872 1097 Διὸς,

108 1116 154 1172 καί
167 1112 237 1184 ὅιιῆ
252 1118 343 1190 πρώτη
357 1115 403 1172 καί
417 1117 588 1191 πρεσβυτάτη
602 1115 689 1189 τροφὴ
704 1116 756 1170 τῶν
764 1111 874 1190 ἀνθρώ·

109 1219 173 1266 πων,
188 1198 235 1254 καί
249 1195 292 1256 ὅτι
307 1196 356 1255 ούιι
370 1195 486 1271 ἀφωνος.
502 1197 569 1255 ἀλλά
583 1200 629 1256 καί
642 1201 794 1273 ἐφθέγξατό
808 1217 874 1254 ποτε

108 1287 136 1339 ἐν
149 1282 275 1358 Δωδώνῃ.
302 1280 325 1338 εί
339 1277 367 1339 δ’
382 1286 468 1357 ἐλαία,
482 1279 525 1340 ὅτι
538 1281 597 1358 ἶιρά
611 1287 657 1354 τῆς
679 1278 805 1354 Ἀθηνᾶς,
823 1282 873 1339 ’καί

108 1362 347 1433 ὅτιάκοςπύνοιν,
374 1363 477 1431 καίάτι
502 1370 536 1423 τά
549 1371 665 1445 τρόπαια
692 1367 749 1424 ἀπὸ
773 1366 872 1423 τούτου

109 1454 158 1506 τού
173 1453 263 1523 φυτοῦ
279 1449 415 1518 ἀνέθεσαν
429 1452 456 1507 σί
476 1453 601 1524 παλαιοί,
627 1451 673 1508 καί
687 1447 787 1521 ὅτιτῆς
799 1453 874 1520 νίκης

109 1535 190 1590 τούτο
204 1535 344 1608 σύμβολον
357 1538 386 1591 τὸ
400 1538 501 1607 φυτὸν,
530 1537 575 1592 καί
589 1533 631 1593 ὅτι
645 1534 660 1608 ἡ
673 1534 773 1608 Ἀθηνᾶ
786 1533 874 1610 τούτῳ

109 1618 203 1692 αρίιτῳ
216 1621 349 1692 ἐστέψατο
363 1622 496 1691 νικήσασα
512 1622 559 1677 εόν
573 1622 741 1686 Ποσειδῶνα,
769 1620 816 1678 καί
829 1615 873 1676 ὅτι

109 1701 275 1759 οἰκειότατον
301 1709 359 1769 τοῖς
372 1702 591 1779 ἀγωνιζομένοις·
618 1708 651 1762 τοί
664 1708 718 1779 γάρ
732 1705 874 1780 γυμνάσια

109 1786 154 1841 oui
168 1789 217 1843 τού
231 1788 324 1843 ἐλαίου
342 1789 523 1845 διαπονεῖται·
550 1788 596 1844 καί
610 1785 652 1845 ὅτι
664 1790 873 1894 συναγωνίζεται

110 1875 175 1972 πρὸς
190 1873 236 1927 τὸν
250 1875 340 1976 λ’όγογ,
366 1862 446 1928 δι’
415 1895 448 1929 σο
454 1875 628 1980 πανηγύρεις
637 1876 811 1947 κοσμούνται.
827 1871 874 1929 καὶ

109 1958 157 2024 τήν
171 1955 276 2027 ύάφνην
295 1952 323 2012 ύ
343 1961 423 2030 ἐρεῖς,
451 1955 494 2013 ὅτι
507 1959 553 2014 καί
572 1957 631 2032 ἱεροί
644 1961 692 2014 τού
703 1955 873 2027 Ἀπόλλωνος,

108 2062 154 2098 και
145 2041 298 2111 μαντικὸν
311 2043 341 2097 τύ
355 2043 450 2114 φυτόν.
469 2063 491 2097 ει
482 2040 533 2099 'ds'
545 2043 640 2115 βούλει
651 2042 697 2099 καί
713 2063 762 2098 του
747 2043 875 2113 ’μύθου

108 2128 345 2194 ἐφάπτεσθαίτού
364 2124 424 2200 περί
443 2130 488 2197 τῆς
500 2130 626 2199 Δάφνης,
655 2123 718 2184 ούύί
730 2127 814 2184 τοῦτό
828 2145 874 2186 σοι

108 2207 165 2264 ἀπο
180 2214 283 2284 τρόπου
302 2213 340 2280 εἴη
358 2207 391 2265 ἀν
405 2207 551 2284 εἰρημένον.
568 2212 666 2285 ὁμοίως
680 2211 708 2267 δὲ
722 2211 769 2267 καί
782 2210 873 2286 ἕτερον

109 2292 131 2346 εί
129 2295 235 2390 ἐπείη,
263 2289 322 2352 οἷον
341 2292 368 2348 οἳ
392 2296 495 2369 καρποί
510 2295 705 2369 Δημητριακοί,
732 2292 872 2366 ἢπίτυος.

109 2397 264 2450 εοπορησεις
277 2377 306 2432 ύε
318 2398 373 2433 που
386 2400 432 2432 και
446 2380 505 2454 περι
532 2382 634 2436 τούτων
662 2381 786 2436 ἑκάστου.
820 2374 872 2438 ούιι

108 2458 152 2520 ἔξω
167 2458 356 2531 ύὲφιλοτιμίας
371 2458 434 2518 ούύὲ
448 2465 478 2518 τὸ
491 2467 661 2541 παραβαλεῖν
674 2465 721 2520 τὸν
733 2467 871 2536 στέφανον

91 2543 166 2613 πρός
179 2544 244 2608 τούς
255 2567 313 2623 παρ
314 2540 426 2613 ’ἀλλοις
