1950 2954
110 142 160 196 130
237 134 397 187 DIONYSII
413 130 760 187 HALICARNASSENSIS

110 238 222 315 δες,άλ
224 235 441 310 λἀδτόγθοντς·
465 237 514 296 καί
532 259 556 295 ει
547 235 717 309 ἐπήλυδες,
743 236 811 295 ἄλλα·
825 242 881 314 κρί·

110 348 151 384 σει
164 327 213 394 τήν
227 324 341 401 άρίστην
360 327 412 400 γῆν
431 325 566 396 λαβόντες,
593 320 628 383 σί
642 324 721 398 τάχη·
745 324 790 382 καί
809 320 884 393 ὅτιῆ

110 417 138 468 ἐκ
151 415 200 466 τοῦ
214 413 340 484 Δωρικοῦ
356 412 469 485 γένους,
496 405 563 486 ὅπερ
583 405 835 485 οἷνδρειότατοιι.·”
816 431 834 478 η
852 432 882 465 εκ

111 499 160 552 τοῦ
185 492 314 568 Ἰωνικοῦ,
338 489 408 570 ὅπερ
434 495 604 567 σοφώτατον,
630 494 678 553 καί
693 489 735 563 ὅτι
749 490 881 565 Ἕλληνες.

111 579 134 636 εἰ
147 577 179 635 δ’
193 581 238 636 ἐπί
251 601 322 644 τινος
335 574 454 644 εὐκλείας
472 579 553 653 λόγος
569 581 688 653 γίνοιτο,
718 576 761 635 ὅτι
778 581 883 654 πατρὸς

112 662 234 739 άγαθοίν,
260 663 309 720 καί
321 664 478 741 προγόνων,
505 662 552 720 καί
565 667 594 720 ἐν
606 665 704 739 βραχεῖ
717 663 778 739 περί
792 659 880 720 αὐτῶν

111 748 195 806 εἰπεῖν
212 751 260 805 τόν
278 749 404 823 ἔπαινον,
431 747 525 806 όποίοι
543 747 675 824 δημοσίᾳ,
703 748 796 805 δποῖοι
814 745 881 822 ἰδίᾳ,

111 835 206 892 ὁποῖοι
217 839 246 890 ἐν
257 837 357 909 λόγοις,
377 833 472 895 δποῖσι
484 836 513 890 ἐν
523 832 586 909 βίῳ,
605 832 651 890 καί
666 837 729 890 εἴτι
741 837 770 891 όν
783 832 881 907 ἔργοις,

112 918 174 988 ἢέν
201 921 336 995 πράξεσιν,
365 912 383 987 ἤ
409 937 470 974 τινα
495 920 619 984 τοιαῦτα,
648 915 666 989 ἢ
693 922 807 986 ποιότης
833 921 882 974 τοῦ

112 1007 261 1081 προσώπου
279 1005 393 1079 παρέχοι
411 1006 440 1058 ἐκ
458 1005 505 1072 τῆς
524 1001 644 1077 φάσεως,
671 999 714 1060 δτι
732 999 835 1075 εδφυὴς
848 1000 883 1067 εἰς

112 1092 209 1147 πάντα.
236 1092 325 1154 κοινός
338 1087 397 1146 δί’
380 1108 395 1144 ο
409 1106 542 1152 τοιοντος.

175 1179 202 1231 3.
226 1171 273 1230 Ἐν
299 1173 373 1229 δί’
341 1194 372 1247 τη
400 1168 494 1247 άγωγῇ
517 1171 693 1251 γενόμενοι,
694 1167 740 1227 όπί
749 1171 814 1244 μὲν
833 1175 881 1228 τῶν

111 1260 208 1313 κοινῶν
222 1260 270 1325 τήν
283 1258 422 1314 πολιτείαν
435 1251 633 1359 ληψόμεθα,”
615 1276 660 1312 οτι
672 1278 688 1326 η
677 1250 881 1332 δημοκρατία,

111 1339 349 1418 ἢάριστοκρατία.
380 1344 409 1397 ἐν
428 1339 456 1398 δι’
475 1342 532 1406 τοῖς
552 1332 675 1408 ἰδίοις
644 1360 695 1410 την
713 1337 880 1415 άνατροφην,

110 1426 157 1483 καί
169 1449 218 1496 την
232 1427 370 1498 παιδείαν,
395 1425 442 1483 καί
455 1446 490 1480 τοι
481 1426 719 1498 ἐπιτηδεύματα·
738 1428 768 1481 όν
783 1426 812 1481 δὲ
825 1430 882 1490 ταῖς

111 1515 214 1576 κοιναῖς
237 1509 396 1586 πράξεσιν
379 1531 394 1567 ο
407 1511 458 1582 μίν
484 1513 575 1578 κοινός
601 1507 650 1576 ἕξει
663 1513 697 1566 τά
714 1504 785 1566 κατά
798 1515 881 1574 πολί-

109 1617 178 1668 μους
192 1597 269 1670 ε’ργα,
298 1595 344 1651 καί
370 1589 444 1660 ὅπως
469 1595 650 1666 ίτελεάτησαν,
677 1590 781 1680 ὥσπερ
792 1592 882 1669 άμίλει

110 1703 156 1736 και
169 1680 185 1736 ο
204 1681 321 1737 Πλάτων
333 1701 372 1754 γε,
401 1700 449 1737 και
438 1679 477 1736 6
491 1680 674 1750 Θουκυδίδης·
702 1679 749 1735 καί
763 1683 821 1744 τοῖς
834 1677 881 1738 άλ

110 1758 212 1831 λοις”
185 1787 295 1840 ειρηται
323 1764 426 1823 δπόταν
452 1762 481 1820 δι’
507 1787 569 1841 περι
558 1766 646 1830 ἑνός
666 1784 738 1831 τινος
756 1765 881 1840 λέγωμεν,

112 1847 173 1923 περί
188 1853 233 1920 τῆς
247 1846 343 1926 άρετῆς
362 1849 538 1922 ποιησόμεθα
555 1852 603 1907 τόν
627 1851 718 1923 λόγον,
745 1853 807 1906 οίον
821 1849 882 1924 περί

112 1932 252 2008 άνδρείας,
277 1933 339 2010 περὶ
358 1933 544 2003 δικαιοσίνης,
571 1934 632 2008 περί
650 1934 763 2003 σοφίας,
785 1935 882 1999 ὁποῖος

113 2017 174 2096 περί
187 2023 235 2090 τὴν
249 2020 342 2076 πόλιν·
366 2023 396 2076 όν
420 2018 527 2085 τοίτοις
553 2019 648 2085 όποῖος
667 2017 724 2092 ίδίρι
743 2017 805 2094 περί
816 2017 882 2076 ἕκα-

112 2126 174 2178 στα,
200 2105 296 2171 όποίος
321 2105 384 2180 περί
406 2107 517 2178 φίλους,
542 2104 638 2169 δποίος
664 2103 725 2209 περὶ
750 2103 882 2179 ἐχθρούς·

111 2189 157 2247 καί
184 2190 223 2247 ἔτι
248 2192 472 2296 προστεθείσθω,
500 2183 557 2258 οἶος
571 2189 632 2265 περί
643 2190 753 2266 γονίας,
783 2181 883 2254 οἷοςίν

110 2272 205 2350 άρχαίς
218 2275 265 2332 ίπί
282 2297 342 2333 τινα
361 2263 445 2350 ηρξιν.

175 2360 204 2418 4.
233 2365 315 2418 Mna?
328 2354 458 2417 ταῦταδ’
478 2371 507 2417 έν
524 2361 574 2436 μίν
591 2359 648 2424 τοίς
666 2360 769 2423 κοινοῖς
786 2356 880 2413 ἐπί
849 2380 884 2416 το

110 2447 307 2518 προτρεπτικόν
320 2447 551 2519 μεταβησόμεθα,
577 2446 775 2519 προτρέποντες
788 2442 835 2500 ίπί
847 2448 884 2500 τά

106 2523 192 2598 &eom
206 2530 269 2595 τούς
282 2529 519 2605 ὕπολιιπομίνους.
546 2551 593 2586 και
583 2528 719 2593 ἲςπολὺς
703 2549 718 2584 ο
732 2512 866 2593 τόπος
830 2549 883 2585 ου-

92 2630 146 2676 τος.
180 2607 307 2671 εἶτα
268 2636 359 2684 ουτως
377 2614 425 2676 ἐπί
442 2618 475 2675 τό
488 2614 716 2690 παραμυθητικόν
729 2614 782 2668 τῶν
794 2616 882 2671 πατέ-
