1950 2954
119 219 170 276 198
233 211 392 265 DIONYSII
415 209 764 263 HALICARNASSENSIS

118 316 206 387 ἤθους
227 316 315 388 ῶγῶν,
347 319 381 374 τοί
406 315 559 387 καλοίμενα
578 315 787 389 ίπιφοινὴματσ,
813 334 886 392 προ·
910 381 914 385 ι

117 406 267 474 στυγοῦσαί
281 424 348 468 τινες
361 397 511 476 αὖτίματσι
523 399 613 472 φωναὶ
625 397 735 473 ἠθικαί,
760 398 808 456 ’καί
821 393 886 474 παρ’

118 476 151 544 οἷν
178 488 225 544 καί
250 490 298 545 τὸν
324 487 436 544 ἔποικον
463 486 632 560 καρποῦνται
656 486 748 559 γυμνά
767 486 802 540 τοί
823 480 886 556 ἤθη

117 574 319 647 φθεγγόμενοι
335 571 397 628 δέον
411 573 538 627 καθόλου
550 568 656 634 τσίιτοις
666 568 885 645 διαγωνίζεσθαι,

117 652 205 730 ῶσπερ
219 654 322 758 σώματι
323 656 437 758 φυγὴν,
465 656 610 719 πλέκοντος
620 656 654 709 τα
669 649 727 723 ἢθη
742 657 799 720 τοῖς
806 655 884 757 προί·

116 759 225 814 γμασιν.
253 739 291 796 ἔτι
311 734 332 794 τ’
353 735 404 809 οὔχ
423 736 596 796 ὑποτείνουσι
617 736 683 797 τὸ“
668 759 697 794 εν
714 740 784 811 μέγα
803 726 885 809 ίγθος.

118 825 175 881 ἔστι
196 822 224 880 δέ
244 825 326 881 τοῦτο
346 827 375 880 ἐκ
395 825 567 896 φιλοσοφίας,
594 843 628 878 ου
652 825 686 878 τοί
707 818 776 879 αλλα
796 823 885 879 ιιιίντα

118 909 186 965 κατοί
210 911 292 984 μέρος
319 909 472 981 ἐξήρτηται,
505 909 651 982 πρόσφορα
677 910 732 974 τοῖς
759 908 887 964 έκοίστστι

119 991 303 1066 υπσκιιμένσις
316 993 485 1069 προσώποις·
511 985 575 1066 παρ’
597 1014 612 1047 ο
631 1012 676 1048 κοι
667 990 844 1066 μικρότεροι
858 995 888 1048 έν

119 1082 178 1142 ταῖς
189 1081 241 1134 τῶν
256 1078 333 1149 ἠθῶν
356 1078 455 1153 χρείαις
483 1073 564 1145 εἲσλν,
589 1075 693 1131 ὁπόταν
719 1073 766 1133 καί
780 1079 814 1132 τοὶ
827 1071 887 1147 ἤθη

115 1164 357 1237 μεταχειρίζονται,
385 1157 508 1234 οὐδαμοῦ
535 1161 566 1216 τὸ
591 1161 795 1236 μεγαλοπρεπές
821 1158 887 1217 θια-

116 1248 255 1313 σῶζσνιες,
281 1246 342 1302 ίέσν
361 1248 442 1301 τοῦτο
463 1246 608 1315 φυλάττειν
619 1246 769 1314 πανταχοῦ.
797 1240 887 1321 ῶσπερ

118 1333 170 1436 γιίρ
187 1334 216 1385 έν
234 1330 307 1405 φυγῇ
327 1328 367 1384 δεῖ
385 1330 432 1384 τόν
451 1329 581 1402 λογισμὸν
600 1332 721 1402 κρατεῖν,
746 1330 843 1402 θυμὸν
858 1329 887 1385 δέ

116 1438 162 1470 και
153 1414 325 1487 ἐπιθυμίαν
341 1413 426 1485 τσίιιιμ
441 1412 595 1476 ὑποκαίειν,
623 1412 668 1470 καί
689 1408 741 1469 ὅσα
758 1433 790 1488 γι
803 1412 886 1489 θυμηῖ

116 1499 281 1571 πράττομεν,
306 1498 374 1568 μετιί
399 1499 531 1571 λογισμοῦ
555 1499 739 1569 θυμοῦσθαι,
767 1495 821 1554 σσο
855 1492 885 1554 θ

114 1581 275 1652 ἐπιθυμίαις
286 1583 470 1653 χαριζόμεθα,
496 1584 533 1653 μή
554 1575 626 1654 ῶγαν
643 1572 791 1683 αλργίστως
803 1583 887 1686 χαρί-

114 1668 225 1731 ζεσθαι
239 1659 309 1719 οὕτω
320 1665 348 1719 δέ
362 1659 453 1719 θεῖ’
418 1685 470 1739 κιγν
483 1686 516 1739 τερ
509 1663 627 1739 ’λόγῳ
613 1687 640 1720 εν
653 1667 702 1737 μέν
715 1654 813 1733 ίηθος’
800 1671 887 1724 εκιῖνσ

115 1751 146 1803 τὸ
170 1750 307 1822 μέγιστον,
336 1769 350 1802 ο
377 1752 406 1803 ἐκ
433 1745 658 1822 φιλοσοφίας,”
637 1770 726 1826 ωσπερ
752 1752 887 1826 λογισμὸν

117 1831 281 1888 ὑποκεῖσθαι
296 1852 331 1905 τρι
320 1831 434 1907 λόγῳ·
461 1829 537 1889 τάδ’
552 1830 751 1907 ἅλλοέπσίγειν,
778 1838 812 1890 τιί
829 1841 886 1893 θυ-

113 1918 181 1972 πικοί
194 1917 273 1990 λέγω,
297 1916 345 1972 καλ
359 1918 392 1972 τοί
410 1913 520 1991 σῖκτρσί,
549 1917 595 1973 καὶ
609 1920 643 1973 τοί
657 1915 767 1991 σἰσιιῖα,
791 1919 888 1977 καλιαί

114 2003 210 2077 μικροί,
242 2000 289 2059 καί
314 2005 347 2058 ια’
375 2003 531 2072 ἐπίφθονα,
564 2004 654 2059 πάντα
676 1998 751 2058 ταῦτ’
779 2005 888 2062 ἐκείνου

114 2087 281 2160 ἐξηρτημένα,
308 2085 354 2142 καλ
380 2083 503 2154 αλλήλοις
522 2089 724 2163 συγκεκραμένα
744 2091 814 2145 κατὰ
834 2093 886 2146 τὸν

114 2173 161 2237 τῆς
175 2173 266 2247 χρείας
284 2171 374 2245 λόγον.

179 2262 206 2313 2.
233 2259 322 2311 Ἱσῒνιο
345 2260 376 2312 τὸ
395 2242 466 2323 ηθσς
486 2256 604 2311 Πλοίτων
624 2254 807 2326 ὑποθέμενος,
835 2257 886 2314 καί

111 2340 146 2392 τοί
162 2341 212 2392 τῶν
234 2342 385 2409 σοφιστῶν,
415 2339 461 2394 καί
479 2340 513 2394 ια’
533 2341 583 2393 τῶν
596 2341 754 2406 πολιτικῶν,
786 2338 833 2396 καί
847 2347 884 2396 ια’

112 2422 164 2474 τῶν
191 2422 376 2498 δημιουργῶν,
403 2423 448 2480 και
461 2443 495 2477 ια
518 2424 570 2478 τῶν
590 2424 752 2496 μειρακίων,
779 2423 826 2480 καί
846 2430 884 2480 τοί

111 2506 163 2558 τῶν
177 2502 294 2578 ανίρῶν,
320 2505 366 2561 καί
379 2509 414 2562 τιί
428 2510 479 2564 τῶν
491 2509 693 2612 πρεσβυτέραν,
721 2508 767 2563 καί
781 2512 815 2565 τοί
830 2512 884 2566 τῶν

100 2590 249 2687 γυναικῶν,
265 2588 313 2645 και
326 2593 360 2645 τα
373 2593 426 2646 τῶν
437 2591 546 2664 ὄσίιλων,
560 2590 607 2646 και
621 2594 655 2647 τιί
667 2594 718 2648 τῶν
729 2596 885 2669 ἐλευθέραν

89 2692 107 2723 r
94 2668 157 2743 Ῑθγ,
182 2696 258 2733 κατα
253 2674 366 2753 ’λόγον
384 2677 475 2754 τοὺτῳ
495 2679 646 2742 συνίπλεξε.
668 2696 752 2731 τουτο
764 2678 812 2732 και
826 2684 882 2746 οη·
