1950 2954
132 179 182 232 AD
193 180 247 233 CN.
259 179 363 232 ΡΟΜΡ.
373 182 421 232 DE
435 178 590 232 PRAECIP.
599 178 809 234 HISTORICIS.
826 185 863 244 39

100 285 145 341 καί
162 287 219 348 τοῖς
235 285 285 357 μίν
311 282 431 361 σίγαθοῖς
448 287 632 358 συνηδομένη,
657 290 715 352 τοῖς
727 287 754 342 δι’
768 291 862 352 κακοῒς

97 371 289 442 συναλγοῦσα·
314 366 330 440 ἦ
351 370 379 427 δι’
400 368 571 426 Θουκυδίδου
595 371 717 433 διάθεσις
736 366 861 428 αὖθικα-

98 457 161 518 σιός
171 474 210 518 τις
225 454 270 510 καί
283 457 380 529 πικροὶ,
408 453 454 509 καὶ
463 453 497 527 τῇ
510 454 622 531 πατρίδι
636 457 681 523 τῆς
693 458 781 527 φυγῆς
792 476 860 529 μνη·

97 540 258 594 σικακοῦσα.
290 540 323 595 τοί
348 540 397 610 μὲν
422 539 475 612 γὰρ
495 536 675 612 ἁμαρτήματα
700 541 861 614 ἐπεξέρχεται

98 620 144 677 καὶ
157 623 230 693 μάλα
244 619 362 694 ἀκριβῶς
367 664 375 688 ,
402 623 453 676 τῶν
468 621 495 677 δὲ
507 626 577 678 κοντοὶ
595 623 661 679 νοῦν
673 624 861 698 κεχωρηκότων

98 706 230 766 καθάπαξ
256 701 289 761 οὗ
314 708 461 777 μέμνηται,
493 702 510 772 ἢ
536 704 621 781 ὥσπερ
646 703 855 780 ἦναγκασμὲνως.

98 787 225 844 καὶκατὰ
243 790 293 861 μίν
312 792 358 844 τόν
376 791 563 862 πραγματικὸν
586 788 671 846 τίπον
690 786 777 858 ἥττων
788 791 859 847 ἐστὶν

94 869 247 946 Ἡροδότου
273 873 317 928 διώ
331 874 417 928 ταῦτα
446 872 631 942 Θουκυδίδης·
663 877 732 928 κατοί
759 874 788 929 δὲ
813 876 860 929 τδν

97 960 218 1012 λεκτικὸν
230 959 263 1012 τοί
276 958 324 1028 μίν
339 953 432 1027 ἥττων,
459 978 492 1012 τα
485 957 535 1012 δι’
549 957 680 1032 κρείττων,
704 977 737 1011 τα
731 953 805 1012 'V'
790 978 857 1022 ισος.

96 1045 146 1115 ι’ρω
131 1041 189 1096 δι’
207 1040 254 1094 καί
273 1041 333 1114 περὶ
349 1040 464 1106 τούτων,
490 1038 524 1103 ώς
546 1039 688 1110 ὑπείληφα.

162 1125 259 1197 Πρώτη
275 1127 325 1178 τῶν
339 1123 438 1198 ἄρετών
450 1119 547 1198 γένοιτ’
565 1121 613 1190 ἄν,
640 1145 671 1193 ης
685 1123 766 1198 χωρὶς
779 1120 859 1179 οῦδὲν

96 1213 148 1265 τῶν
172 1202 257 1264 αλλων
281 1210 332 1264 τῶν
359 1209 421 1282 περὶ
447 1208 508 1270 τοὺς
521 1209 618 1281 λόγους
630 1206 735 1276 οφιλος
761 1208 817 1274 τίς,·
841 1203 858 1278 ἦ

95 1294 210 1368 καθαροί
225 1295 280 1356 τοῖς
293 1289 408 1367 ὀνόμασι
421 1315 466 1348 και
456 1292 526 1348 τδν
536 1290 690 1360 Ἑλληνικὸν
700 1313 859 1368 χαρακτηρο

95 1377 217 1443 σώζουσα
236 1376 380 1441 διοίίικτος
410 1375 510 1445 ταίτην
524 1375 717 1451 ακριβοῦοιν’
697 1379 857 1480 μμφιίτεροι.

102 1461 238 1532 Ηρόδοτίς
251 1481 277 1514 τι
288 1483 340 1534 γαρ
357 1464 404 1529 τῆς
414 1456 534 1528 ’mog'
514 1481 623 1541 αριστος
635 1459 737 1517 κανών·
784 1467 858 1516 θου-

96 1544 204 1613 κυδίδης
230 1565 257 1599 τι
284 1547 330 1612 τῆς
354 1540 480 1608 Ἀτθίδος.
507 1544 625 1619 τρίτην”
611 1566 661 1614 εγιι
676 1544 766 1618 χώραν
780 1539 795 1612 ἦ
808 1564 856 1598 κα·

95 1632 208 1698 ίουμίνη
228 1630 373 1700 συντομία·
401 1634 429 1686 ἐν
447 1627 531 1705 ταῦτῃ
552 1631 624 1686 δοκεῖ
643 1631 764 1703 προέχων
781 1624 858 1702 ‘Heo-

97 1712 179 1767 δδτου
195 1712 372 1781 Θουκυδίδης.
408 1714 497 1768 καίτοι
517 1716 589 1789 λέγοι
607 1735 646 1778 τις
662 1734 709 1780 αν,
737 1712 771 1778 ώς
789 1712 858 1786 μιτιί

97 1797 144 1848 τοῦ
165 1796 271 1862 σαφοῦς
287 1797 468 1873 ἐξεταζόμενον
485 1792 538 1864 ηδῦ
555 1800 680 1866 φαίνεται
699 1800 729 1853 τδ
756 1797 854 1872 βραχύ·

96 1877 120 1931 εί
148 1871 176 1930 δ’
202 1873 375 1932 ἀπολείποιτο
403 1877 517 1949 τοῦτου,
548 1882 653 1980 πικρόν.
681 1877 748 1934 αίίοί
774 1880 855 1951 μηδὲν

96 1961 162 2016 ἔστω
188 1981 263 2034 παρα
275 1980 366 2015 τουτο
404 1921 526 2033 ἐνοίργιιίι
546 1964 613 2031 μετὰ
637 1964 721 2017 ταῦτα
736 1964 859 2017 τέτακται

95 2046 186 2120 πρώτη
200 2046 266 2114 μιτοὶ
281 2046 331 2098 τῶν
344 2041 507 2099 ἕπτθίτων’
489 2047 597 2116 κρειῶν.
623 2042 718 2107 ἱκανῶς
731 2049 759 2099 ἐν
773 2044 857 2119 ταύτῃ

97 2129 282 2201 κατορθοῦσιν
309 2125 465 2201 ἀμφότεροι.
490 2130 557 2198 μοιτί
575 2126 675 2195 ταίτην
700 2127 857 2182 συνίσταται

97 2216 143 2280 την
158 2211 253 2286 ιίρετήν
268 2214 319 2267 τῶν
332 2210 410 2282 ἠθῶν
429 2234 455 2267 τι
472 2211 517 2266 καὶ
541 2214 640 2266 παθῶν
653 2210 770 2284 μίμησις.
800 2207 857 2284 διῄ-

97 2318 188 2369 ρηνται
205 2300 250 2364 την
265 2295 361 2369 δρετὴν
377 2295 476 2365 ταίτην
487 2295 513 2351 οἱ
528 2298 701 2371 συγγραφεῖς.
748 2299 858 2348 Θουκυ-

97 2381 231 2452 δίδηςμὲν
244 2384 296 2453 γιὶρ
323 2383 356 2436 τοί
381 2383 459 2448 πάθη
486 2381 602 2450 δηλῶσαι
617 2379 755 2450 κρείττων·
778 2374 857 2451 Ἠρί·

97 2464 176 2528 δοτος
191 2463 218 2517 δι’
238 2467 269 2518 τοί
289 2461 313 2537 γ’
332 2461 391 2535 ἤθη
411 2467 583 2540 παραστῆσαι
612 2462 765 2535 δεινότερος.
788 2463 855 2536 μετοί

97 2551 180 2602 ταῦτα
196 2546 225 2602 αἶ
249 2551 279 2603 τδ
293 2552 363 2623 μίγα
383 2548 428 2604 καί
445 2549 607 2622 θαυμαστὸν
623 2549 799 2619 ἐκφαίνουσαι
811 2550 856 2616 τῆς

97 2634 263 2698 κατασκευῆς
288 2630 389 2707 ιίριτυί.
416 2634 470 2688 ίόοι
496 2629 548 2705 κᾷν
573 2629 859 2704 ταῦταιςοὶσυγηιρα·
