1950 2954
103 183 150 232 DE
167 179 288 231 ADMIR.
301 180 335 231 vl
352 181 500 233 DICENDI
515 183 553 235 IN
563 185 747 237 DEMOSTH.
783 192 832 246 161

67 291 122 351 λον,
139 280 232 349 αὐτοῖς
250 287 402 360 κεχρῆσθαι
415 289 465 342 τδν
482 283 570 361 άνδρα
589 292 655 393 πρὸς
675 291 721 353 τάς
740 291 833 360 φάσεις

67 368 260 442 ἀποβλέποντα
287 372 339 425 τοῖν
366 369 539 438 ὑποθέσεων,
570 371 616 428 καὶ
642 377 688 436 τάς
715 371 832 436 άεεώσεις

67 456 120 509 τών
141 453 302 530 προσώπων,
331 458 537 523 πλανηθήσεταί
550 477 600 521 τις·
627 451 693 531 ὅπερ
707 459 767 519 λ’σως
781 453 830 511 οεῖκ

65 534 176 612 άλογον.

132 625 177 679 10
205 624 272 696 Φέρε
286 622 319 692 55
332 644 379 679 και
368 622 449 680 τλνι
467 623 661 680 διαλλάττει”
629 647 674 693 της
689 626 829 681 Θουκυδί-

65 704 116 761 δου
136 703 263 770 λέξεως
248 730 264 775 η
293 708 498 778 Δημοσθένους,
525 704 541 776 5
568 712 642 782 παρά
669 712 716 764 τὸν
744 704 828 765 αὐτὸν

63 792 297 861 κατεσκευασμένη
322 792 488 867 χαρακτῆρα,
515 793 637 864 εἴπωμεν.
654 789 764 848 άπαιτεῖ
775 797 828 868 γάρ

64 872 182 948 δλδγος,
209 869 269 944 οὗχῖ
293 874 331 946 τῷ
355 875 431 950 ποιρῖ,
458 877 497 945 μά
522 876 591 930 Διά·
617 877 760 948 τοῦτομὲν
774 877 827 949 γάρ

65 958 164 1028 δμοίως
177 957 381 1028 ἐπιτηδεύουσιν
399 958 563 1032 ἀμφότεροι·
590 960 657 1034 λέγω
671 958 698 1014 δὲ
711 961 742 1015 τδ
755 961 830 1024 ἐξαλ-

64 1043 170 1098 λάττειν
185 1046 213 1098 ἐκ
225 1045 274 1099 τοῖι
296 1043 448 1111 συνήθους,
468 1043 567 1116 καὶμὴ
580 1046 610 1100 τὸ
626 1045 731 1110 κοινδν,
761 1040 827 1099 άλλά

65 1128 232 1201 τδπεριττδν
246 1127 364 1184 διώκειν·
391 1128 427 1200 τῷ
441 1127 469 1184 δέ
484 1131 566 1203 πόσῳ,
593 1127 638 1184 καλ
664 1127 702 1184 ἐτι
725 1128 835 1199 μάλλον

64 1214 121 1274 τοῖς
144 1215 256 1284 καιροῖς.
284 1211 300 1267 5
316 1213 365 1284 μὲν
384 1214 437 1288 γάρ
451 1209 616 1283 ἀταμιεύτως
629 1211 663 1287 τῇ
676 1209 828 1286 κατασκευῇ

64 1299 209 1367 κέχρηται·
238 1293 285 1350 καλ
299 1291 392 1370 ἄγεται
406 1298 507 1369 μᾶλλον
524 1293 568 1352 ὕπ’
581 1293 664 1366 αὐτῆς
688 1292 762 1370 άγει·
780 1295 828 1351 καλ

65 1375 129 1435 0555
150 1381 198 1434 τὸν
219 1381 314 1454 καιρδν
339 1375 422 1451 αὐτῆς
444 1382 588 1438 ἐπίσταται
614 1382 706 1452 λαβεῖν
733 1379 827 1444 δεξιῶς,

65 1460 133 1518 άλλά
147 1460 194 1517 καῖ
206 1466 283 1539 παρά
298 1465 397 1520 τοῦτον
417 1467 545 1530 πολλάκις
558 1463 715 1539 ἁμαρτάνει.
729 1458 797 1519 καθ’
812 1456 828 1516 δ

69 1544 78 1563 ‘
64 1548 143 1617 ημέν
157 1543 273 1625 οῗμετρλα
286 1550 332 1618 τῆς
345 1553 488 1624 ἐξαλλαγῆς
506 1547 598 1622 άσαιγῆ
615 1551 688 1606 ποιεῖ
701 1549 747 1618 τὴν
760 1548 827 1612 λε’ξεν

64 1627 162 1687 55105·
190 1633 219 1687 τδ
235 1633 308 1689 δε
273 1656 310 1707 μη
324 1639 430 1737 κρατεῖν
444 1637 495 1691 τῶν
521 1636 634 1710 καιρῶν,
661 1631 741 1739 5555
768 1631 827 1688 555

65 1716 154 1788 ῥητωρ
166 1718 215 1770 τοῖν
230 1712 251 1770 τ’
267 1715 415 1820 άρκοώντος
441 1722 603 1788 στοχάζεται,
625 1716 672 1774 καὶ
684 1717 747 1782 τούς
762 1739 825 1773 και-

64 1798 130 1872 ροὺς
151 1804 353 1874 συμμετρεῖται·
373 1799 423 1858 οώκ
448 1801 484 1868 εἲς
509 1801 642 1876 άνάθημα
667 1801 713 1855 καὶ
739 1803 826 1870 κτῆμα

64 1903 99 1936 κα
144 1922 359 1941 .....
408 1888 456 1954 τὴν
483 1888 548 1949 λε’ξιν
573 1888 672 1959 μόνον,
699 1880 785 1956 ώσπερ
811 1884 827 1938 ὅ

63 1965 245 2040 συγγραφεὺς,
261 1961 328 2021 άλλά
342 1965 387 2023 καλ
404 1965 439 2032 εἶς
456 1969 559 2042 χρῆσιν.
579 1964 644 2022 ὥστε
658 1963 721 2021 οὔτε
734 1966 765 2020 εδ
779 1986 825 2020 σα·

63 2050 279 2122 φεςέκβὲβηκεν,
307 2033 341 2105 05
369 2051 477 2125 πρώτου
504 2070 559 2114 τοις
572 2048 726 2148 ἐναγωνιοις
739 2051 827 2122 λόγοις

63 2135 119 2190 δεῖΙ
134 2136 164 2188 τό
178 2155 204 2188 τε
219 2134 304 2197 δεινδς
318 2126 387 2190 εἶναι
404 2134 501 2199 δοκεῖν,
515 2128 585 2206 ἐφ’
571 2155 592 2188 ω
579 2119 719 2204 μαλιστα
731 2130 825 2202 φαινε

62 2241 107 2274 ται
127 2217 293 2284 σπουδάζων,
321 2223 493 2296 προσιίληφε.
515 2219 631 2274 τοιαῦτα
649 2216 698 2287 μὲν
722 2214 753 2284 55
767 2216 827 2270 τινά

61 2307 143 2367 ἐστιν,
171 2297 338 2379 άπαράτδν
366 2303 470 2378 ὑψηλὸν
495 2302 542 2358 καὶ
566 2302 770 2400 ἐγκατάσκευον
778 2298 823 2355 καλ

61 2388 253 2461 ἐξηλλαγμένον
285 2390 335 2444 τοῖν
362 2389 503 2457 συνήθους
527 2387 710 2461 χαρακτῆρος,
737 2372 772 2438 05
791 2386 822 2439 εδ

61 2473 163 2546 κράτος
177 2466 250 2527 άπαν
272 2460 304 2542 ἦν
318 2478 345 2529 ἐν
360 2473 391 2548 τῇ
419 2472 564 2576 δεινότητι,
591 2493 637 2526 και
628 2468 822 2539 Θουκυδίδην

64 2559 111 2612 τὸν
130 2559 157 2610 ἐν
183 2550 256 2610 αὐτώ
284 2579 412 2614 πεισανεα
440 2555 635 2633 μιμοώμενοςο
624 2555 843 2626 Δημοσθὶυηε

10 2663 14 2680 '
58 2638 258 2695 mumdum.

82 2719 197 2766 Dzonrs.
228 2719 257 2769 T.
278 2721 324 2774 VI,
664 2724 694 2774 L
