1950 2954
144 196 193 244 DE
212 196 366 248 THVCYD.
388 197 723 250 fflsTOR.1vnlclvM.
760 236 765 243 -
791 204 829 260 69

22 302 25 309 '
55 304 111 376 γαλρ
125 298 297 375 ἀνθρώποις,
324 299 371 359 καί
384 303 466 378 κοινῇ
490 308 559 359 κατελ
573 305 684 411 τόπους,
698 303 744 360 καί
758 306 827 360 κατολ

56 387 146 450 πόλεις
161 383 236 460 ἰδίᾳ,
257 388 364 460 μνῆμαί
377 406 445 452 τινες
469 389 599 508 ἐσώζοντο
612 388 658 443 καί
673 388 724 443 τῶν
737 387 828 443 τοιοί-

57 555 99 619 δες
115 557 190 630 παρὰ
204 513 335 629 πατέρων
352 558 471 658 ἐπιμελές
483 560 630 613 ἐποιοῦντο
643 554 829 630 παραδιδόναι

55 660 114 704 τοις
126 641 261 712 ἐκγόνοις
286 638 332 695 καί
358 641 421 704 τούς
446 643 629 715 βουλομένους
648 636 731 703 οὗτός
745 636 828 703 είςτὸ

56 725 177 781 κοινόν
164 728 294 830 εκρέρειν,
311 720 394 787 οὕτως
407 721 500 794 ἠξίουν
512 727 699 827 συγγράφειν,
703 723 737 790 ὥς
750 728 827 798 παρὰ

57 810 110 864 τῶν
124 805 243 882 ἀρχαίων
255 807 388 871 ἐδέξαντο.
407 809 516 873 ἐκείνοις
529 812 578 912 μέν
593 798 643 863 οὖν
656 810 713 873 τοῖς
726 805 827 884 ἄνδρα·

57 913 102 948 σιν
113 889 264 967 αναγκαῖον
278 913 312 960 ην
326 893 472 948 ποικίλλειν
498 897 556 958 τοῖς
580 892 737 963 μυθώδεσιν
752 895 828 947 ίπει-

56 977 207 1040 σσδλσις
175 998 223 1042 τας
236 979 350 1042 τοπικοὶς
370 975 542 1078 αναγραφας.
569 975 725 1050 θουκυδίδη
738 975 776 1042 δέ,
791 974 829 1049 τῷ

55 1062 229 1163 προελομένῳ
253 1061 321 1133 μίαν
336 1060 488 1128 ὑπόθεσιν,
516 1084 535 1136 η
521 1049 706 1137 παρεγίνετο
735 1055 828 1131 αὐτὸς,

57 1144 109 1215 οὐχ
122 1141 256 1220 ἥρμοττεν
268 1145 493 1221 ίγκαταμιγνόειν
507 1166 541 1220 τη
529 1145 679 1247 ’διηγήσει
694 1145 742 1208 τός
756 1147 828 1198 θεα-

57 1234 151 1305 τρικός
164 1231 302 1331 γοητείας,
331 1225 395 1286 ουδέ
409 1232 477 1306 πρός
490 1231 538 1299 τὴν
564 1227 673 1295 απιλτην
700 1225 829 1302 ἁρμόττε-

59 1317 179 1371 afim*
144 1335 196 1369 των
211 1313 447 1388 ἀναγνωσομένων,
461 1308 494 1382 ἣν
507 1317 608 1369 έκεῖναι
623 1312 761 1383 πεφίκασι
776 1314 828 1384 φί-

57 1419 114 1474 ρειν
129 1421 159 1453 αι
149 1399 321 1463 ’συντάξεις
346 1397 414 1455 αλλολ
433 1400 545 1473 πρός
514 1419 563 1467 την
576 1394 746 1468 εἰφέλειαν,“
728 1418 762 1460 ως
775 1391 827 1450 αὗ-

58 1487 104 1549 τός
117 1486 145 1537 ἐν
159 1483 196 1556 τῷ
216 1483 349 1557 προοιμίῳ
376 1486 422 1551 τῆς
445 1482 567 1556 ἱστορίας
594 1480 731 1550 δεδήλωκε,
757 1482 827 1534 κατὰ

58 1570 125 1629 λέξιν
139 1563 210 1623 οὕτω
223 1569 389 1669 γρόφριν·,,
397 1568 456 1624 ,Καὶ
472 1574 498 1633 ές
511 1569 561 1641 μέν
575 1564 707 1668 ολκρόασιν
720 1567 783 1628 ἴσως
796 1567 828 1620 τό

57 1672 121 1722 ,,μν,
114 1647 308 1722 μυθῶδες
272 1654 361 1707 αυτῶν
378 1650 573 1728 σῖτερπέστερον
601 1654 742 1723 φανεῖται·
766 1645 829 1706 ὅσοι

59 1734 108 1808 ,,δέ
123 1737 205 1804 βουλ
192 1755 305 1803 ησονται
317 1738 368 1789 τῶν
383 1757 410 1790 τε
423 1739 574 1839 γενομένων
591 1738 622 1791 τό
649 1754 733 1806 σαφες
755 1756 826 1790 σκο-

59 1821 150 1887 ,,πελν,
165 1817 211 1872 καί
225 1819 276 1871 τῶν
288 1821 436 1886 μελλόντων
456 1841 521 1874 ποτε
515 1808 621 1881 ἀυθις
645 1840 713 1873 κατα
708 1815 791 1870 “’τδ
773 1837 826 1871 αν-

59 1901 236 1975 ,,θρώπινσν,
257 1900 386 1955 τοιούτων
413 1901 459 1955 καί
485 1903 678 1975 παραπλησίων
705 1901 827 1967 εσεσθαι,

60 1982 205 2093 ,,ὠφέλιμα
219 1985 320 2056 κρίνειν
334 1980 419 2049 αὐτὰ,
441 1981 592 2057 αρκοὺντως
606 1982 669 2049 ἕξει·
697 1985 786 2053 κτῆμοί
800 2004 828 2039 τε

61 2075 104 2143 ,ἐς
118 2067 171 2125 αἰεί
191 2069 307 2141 μᾶλλον,
335 2088 352 2134 η
379 2065 520 2141 αγὼνισιια
546 2072 572 2129 ἐς
597 2066 629 2122 τό
655 2070 828 2141 παραχρῆμα,

61 2153 190 2226 ,,σῖκοίειν
204 2153 358 2227 ξύγκειται.α
351 2154 368 2184 “

125 2243 152 2296 8.
176 2241 367 2313 Μαρτυρεῖται
393 2237 422 2292 δέ
439 2234 476 2308 τῷ
502 2232 582 2312 ανδρλ
605 2236 675 2304 τάχα
700 2234 748 2308 μέν
773 2231 828 2289 ὑπό

60 2326 167 2379 πάντων
182 2325 340 2395 φιλοσόφων
367 2321 455 2376 τεκαὶ
481 2323 608 2395 ρητόρων,
637 2316 703 2374 εἶδέ
716 2319 763 2420 μή,
776 2320 829 2373 τῶν

12 2404 17 2435 ²
60 2429 89 2482 γε
104 2402 287 2475 πλείστων,”
269 2428 312 2463 οτι
326 2402 432 2475 κοίτης
457 2402 596 2475 αληθείας,
622 2424 654 2471 ης
668 2401 742 2477 ἱερόν
757 2394 828 2459 ελναι

62 2512 109 2562 την
124 2491 247 2566 ἱστορίαν
261 2491 431 2565 βουλόμεθα,
451 2491 606 2560 πλείστην·
593 2489 743 2557 εποιὴσατο
757 2488 828 2560 πρό-

62 2597 151 2633 νοιαν·
175 2572 237 2632 οὕτε
250 2574 409 2677 προστιθείς
421 2578 477 2638 τοῖς
490 2576 646 2650 πράγμασιν
657 2564 778 2637 οὕδέν,“
761 2590 777 2625 ο
790 2572 829 2640 ειη

10 2680 15 2697 -·
62 2660 177 2730 δίκαιον,
192 2657 288 2716 οὔδέ’
270 2663 409 2735 αφαιρῶν,
436 2655 502 2718 ουδέ
514 2655 748 2725 ένεξουσιελζωΓ
718 2676 757 2730 τη
768 2671 845 2726 ηψ-
