1950 2954
165 184 215 237 An
233 185 289 237 CN.
307 186 414 238 POMP.
431 187 478 237 DE
494 185 660 239 PLATONE
679 204 740 239 τετε.
825 192 859 249 25

96 290 142 348 καῖ
153 291 236 346 πεῖσον
249 313 280 364 γε
293 292 324 360 νὴ
336 292 392 347 Δία
414 288 547 347 πιστεάειν
568 294 663 348 καινάν
683 286 762 349 οὖδῖν
780 291 857 367 ῖριῖε.

95 372 159 432 οεῖδέ
173 375 337 447 παράδοξαν,
353 369 419 430 οὐδ’
440 369 504 444 άμὴ
520 375 604 431 πᾶσιν
618 376 716 446 ὁμοίως
730 374 814 432 δοκεῖ.

159 453 227 532 Ἐγὼ
240 449 292 516 οδν
307 461 403 530 νομίζω
418 458 487 522 δεῖν,
514 452 581 512 ὅταν
592 461 641 532 μὲν
654 458 764 515 ἔπαινον
780 463 859 536 προά-

95 546 173 611 ληται
184 543 299 618 γράφειν
311 564 350 606 τις
362 545 525 616 πράγματος,
538 544 591 598 εἴτε
603 543 727 614 σώματος
741 543 859 600 δποιου-

94 628 203 699 γέτινος,
220 628 267 690 τάς
281 623 376 698 άρετάς
389 623 489 692 αὐτοῦ,
515 626 562 681 καὶ
575 622 609 681 οὗ
629 629 662 681 τά
688 625 858 701 άτυχὴματα,

89 713 121 766 ἐἶ’
131 731 156 764 τι
170 713 298 783 πρόσεστι
309 710 343 783 τῷ
356 711 505 783 πράγματι,
519 707 536 774 ἢ
550 710 585 782 τῷ
598 711 709 782 σάματι,
725 711 780 766 δεῖν
793 733 859 786 προ·
943 718 949 729 “

95 795 197 867 φέρειν·
221 790 290 850 ὅταν
304 794 332 849 δὲ
357 794 487 867 βουληθῇ
514 793 669 866 διαγνῶναι,
685 795 711 849 ιε’
724 799 754 850 τὸ
767 798 859 868 κράτι·

96 898 162 934 στον
177 881 205 931 ἐν
230 878 384 951 ὁτῳδήποτε
409 880 468 950 βίῳ,
496 877 542 932 καὶ
556 879 626 933 τίτδ
639 880 779 951 βέλτιστον
806 881 858 934 τιῖεν

96 958 150 1016 ιῖπὸ
165 957 248 1017 ταάτδ
264 965 341 1035 γένος
354 962 443 1037 ἔργων,
472 963 519 1028 τήν
534 959 730 1035 ἀκριβεστάτην
742 963 859 1024 ἐξέτασιν

95 1048 255 1152 προφέρειν,
283 1068 328 1101 και
319 1045 424 1115 μηδὲν
438 1047 660 1115 παραλείπειν
625 1066 677 1101 τιιν
703 1049 860 1119 προσάντων

96 1125 199 1201 αὐτοῖς,
213 1131 265 1184 εἴτε
279 1132 383 1195 κακῶν,
409 1124 453 1183 τῖ”τ
469 1126 637 1228 άγαδῶν·
622 1154 639 1199 η
666 1132 720 1203 γάρ
743 1127 859 1198 άλὴθεια

96 1207 180 1275 οὕτως
192 1211 343 1287 εὑρίσκεται
356 1215 483 1285 μάλιστα,
502 1201 532 1278 ἧς
546 1209 626 1269 οὐδὲν
635 1215 728 1287 χρῆμα
742 1215 856 1316 τιμιώτε-

98 1316 157 1370 ρον.
173 1299 254 1351 τοῦτο
268 1297 296 1352 δε
309 1300 485 1372 προθέμενος,
506 1300 591 1352 ἐκεῖνο
605 1300 679 1370 λέγω.
705 1299 730 1353 εἰ
743 1300 791 1369 μέν
804 1296 861 1354 ἐστὶ

97 1399 146 1452 μοι
159 1382 228 1435 κατα
243 1382 389 1444 Πλατωνος
401 1382 482 1452 λόγος
495 1400 543 1446 τις,
569 1382 744 1454 καταδρομὴν
771 1383 860 1453 περιέ-

94 1482 151 1532 γοιν
165 1463 213 1518 τοῖν
226 1460 339 1537 άνδρδς,
355 1460 444 1536 ὥσπερ
459 1463 557 1537 Ζιάλρ,
585 1465 621 1537 τηῖ
634 1466 738 1540 ῥήτορι,
752 1461 860 1536 άσερεῖν

97 1546 236 1619 δμολογιῖ·
250 1547 297 1603 καὶ
311 1551 339 1603 τῖ’
346 1569 376 1620 γι
390 1546 539 1619 βουληθεὶς
553 1549 684 1621 ἐγκώμιον
697 1545 782 1603 αὐτοῦ
795 1549 861 1622 γρά-

97 1651 168 1700 φειν,
184 1631 280 1705 λόγους
294 1635 367 1693 τινάς
380 1633 589 1702 συγκαταπλέκω
608 1635 664 1695 τοῖς
677 1634 797 1695 ἐπαίνοις
811 1634 861 1687 νό-

95 1733 174 1786 μους.
189 1711 221 1769 οὔ
235 1717 288 1790 γάρ
303 1712 344 1770 ὅτι
359 1715 489 1788 διαβολάς
506 1717 600 1785 οῖομαι
626 1716 681 1770 δεῖν
706 1717 822 1789 γράφειν
833 1719 862 1770 ἐκ

96 1793 197 1863 αὐτοῖς,
214 1793 270 1854 ἄλλ’
285 1794 347 1853 οὔδ’
369 1797 526 1871 άπολογλας.
548 1798 572 1854 εἰ
585 1799 613 1854 δὲ
626 1804 795 1873 χαρακτῆρας
812 1801 860 1854 λό-

96 1899 147 1953 γου
162 1883 340 1958 προελόμενος
352 1887 480 1948 σκοπεῖν,
503 1881 549 1936 καὶ
562 1883 625 1944 τούς
637 1882 820 1957 πρωτεύοντας
833 1885 861 1937 ἐν

96 1959 192 2029 αάτοῖς
205 1968 374 2038 φιλοσόφους
388 1988 414 2021 τε
429 1967 475 2020 καλ
503 1967 618 2038 ῥήτορας
631 1968 764 2031 ἐξετάζειν,
791 1969 862 2038 τρεῖς

96 2050 146 2120 μὲν
159 2052 186 2110 ἐξ
201 2047 329 2106 ἁπάντων
355 2052 514 2121 ἐξελεξάμην,
541 2049 604 2114 τούς
631 2047 777 2111 δοκοῦντας
792 2043 862 2103 εἶναι

97 2133 313 2204 λαμπροτάτους,
339 2128 497 2207 Ἰσοκράτην
522 2152 558 2204 τε,
585 2132 631 2186 καλ
658 2134 803 2202 Πλάτωνα,
817 2130 862 2187 καλ

96 2218 282 2292 Δημοσθένη,
308 2223 336 2272 ἐκ
351 2217 380 2272 δὲ
393 2216 495 2273 τουτων
508 2212 598 2272 αὐτῶν
622 2216 703 2270 πάλιν
717 2217 863 2288 προέκρινα

97 2302 274 2404 Δημοσθένη,
290 2295 403 2356 οὐδέν’
383 2321 465 2373 φμην,
480 2294 543 2355 οὔτε
559 2300 703 2363 Πλάτωνα,
720 2292 777 2353 οὔτ’
789 2292 863 2354 Ἰσο-

100 2384 211 2457 εεράτην,
229 2381 342 2440 άδικεῖν.

159 2470 205 2534 Νη
218 2469 283 2536 Δλα,
297 2467 395 2538 φησίν·
417 2464 472 2522 ἀλλ’
484 2463 535 2522 οὐκ
549 2465 632 2522 εδεισε
659 2468 692 2521 τά
717 2467 864 2532 Πλάτωνος

96 2547 279 2625 άιιαρτὴματα
292 2553 445 2626 ἐξελέγγειν,
459 2551 625 2624 βουλόμενον
638 2553 755 2607 ἐπαινεῖν
768 2553 864 2621 Δημο-

96 2635 245 2705 οδένηκ·’
228 2656 322 2694 επειτα
334 2638 389 2700 πῶς
401 2630 436 2691 άν
448 2656 494 2709 μοι
506 2655 554 2706 την
567 2631 767 2712 ἀκριβεστάτην
784 2633 875 2706 δασα-
