1950 2954
98 137 150 193 206
224 129 385 181 nlorwsn
402 126 757 180 HALICARNASSENSIS

100 239 203 295 αόταν·
220 237 260 293 δεῖ
273 237 328 314 γιίρ
341 234 356 306 ἢ
371 236 514 304 συστῆσαι,
528 231 546 301 ἢ
562 231 712 308 διαβαλεῖν,
725 228 745 305 ἢ
757 236 868 310 πρόσειι

99 344 163 389 πον,
178 318 196 391 ἢ
209 322 331 396 πριῖγμα.
347 316 402 390 ἥδέ
416 320 492 389 τέχνη
507 320 556 374 τοῖν
571 319 727 394 προοιμίου,
744 319 868 396 προδιοί·

100 428 175 477 κησις
189 409 237 461 τοῖν
252 407 351 470 παντὸς
377 401 487 480 ιῖγῶνος.
516 402 557 459 δεῖ
579 406 633 477 γιῖρ
660 406 870 477 παρασκευάσαι

100 492 148 547 τόν
162 488 298 564 ιῖκρσατην
313 493 340 542 ἐν
354 488 390 561 τρῖ
408 488 557 562 προοιμίῳ,
578 485 613 552 ὦς
625 488 759 563 συμφέρει
771 488 809 565 τηῖ
822 489 868 565 δεῖ

100 595 158 648 τορι
172 574 258 642 τούτῳ
271 575 319 639 την
334 574 381 626 τοῖν
395 574 497 637 παντός
518 570 621 645 ιῖγοῖνος
634 570 768 647 ἀκρόασιν
782 574 864 643 ποιή-

99 660 220 714 σασθαι·
234 660 361 711 ἐντεῦθεν
375 655 422 712 καί
441 659 475 711 ταί
489 658 572 728 μέτρα
588 658 640 712 τῶν
655 656 808 732 προοιμίων
822 656 867 713 εδ-

98 743 236 817 ρίσκομεν,
253 740 299 796 καῖ
325 743 371 805 ταῖς
386 738 539 810 διοικήσεις,
567 741 673 806 καὶτοῖς
687 742 808 807 πλείσεις,
822 738 868 799 καί

98 829 147 898 τὴν
160 827 312 900 ἑρμηνείαν.
327 827 412 880 ταῦτα
425 828 474 895 μέν
488 829 544 881 ἐστι
558 827 691 896 κεφάλαια
706 823 768 903 περί
782 828 828 897 τῆς
840 828 868 883 έν

99 912 255 986 προοιμίοις
268 910 454 983 πλημμελείας.

166 997 211 1053 14.
239 997 379 1067 Διηγέησεις
393 991 421 1051 δέ
435 991 462 1048 οῖ
471 993 521 1067 μέν
534 989 604 1049 οὕτω
612 994 742 1066 βραχείας
756 994 869 1051 ποιοῦν·

100 1102 155 1151 ται,
170 1076 257 1157 ὥσπερ
271 1075 304 1134 ου’
326 1079 387 1135 δέον
410 1076 530 1153 μηκίναι
546 1077 595 1146 τήν
620 1074 771 1134 ὑπόθεσιν·
796 1074 869 1133 οἶδέ

100 1160 134 1220 οὔ
138 1185 171 1218 τω
184 1166 298 1235 μακροῖς,
313 1158 380 1219 οῖστε
394 1162 440 1218 καί
460 1164 622 1236 συμπλέκειν
636 1161 681 1217 καί
700 1162 867 1229 κατασκενιίς

99 1268 173 1310 τινας
188 1246 233 1301 καί
247 1244 378 1316 αὐξήσεις.
405 1247 531 1320 ἐκσίτιρον
545 1245 573 1302 δέ
586 1242 689 1301 τσίτων
710 1242 867 1320 ἆμσλρτημα.

99 1334 170 1387 τότε
188 1332 293 1404 γιῖρμὴ
313 1332 405 1401 σαφῶς
423 1328 561 1388 διδσίσκειν
581 1325 631 1384 οὔκ
651 1327 686 1385 ἄν
706 1331 747 1400 τίη
768 1331 867 1405 διηγελ.

98 1421 181 1473 σθαι·
205 1417 236 1470 τό
250 1437 276 1471 τε
290 1413 427 1489 υῖπέραντα
440 1417 535 1490 λέγειν,
547 1411 615 1470 οῖλλιί
627 1414 664 1485 μή
680 1417 707 1468 ἐν
719 1416 810 1491 μέτρρι
821 1416 868 1485 τῆς

99 1499 274 1562 διδασκαλίας
299 1501 330 1554 τό
358 1499 482 1553 πιθανόν
508 1499 688 1562 διοικεῖσθαι,
717 1500 868 1556 κλέπτοισα

98 1584 146 1652 την
159 1581 308 1657 ἀκρόασιν,
333 1585 437 1653 ματαία
456 1582 503 1638 καὶ
515 1579 627 1654 ἄκαιρος
641 1579 657 1653 ἡ
673 1583 787 1652 τοιαύτη
802 1580 867 1640 σῖδο·

98 1667 197 1736 λεσχία.
215 1665 256 1722 δεῖ
270 1666 298 1721 δὲ
313 1668 359 1720 τόν
372 1667 473 1740 ῥήτορα
493 1666 650 1739 διηγεῖσθαι
662 1667 721 1737 μὲν,
735 1665 770 1732 οῖς
783 1664 867 1723 διδιί-

98 1771 208 1822 σκοντα,
222 1751 373 1823 πειρᾶσθαι
395 1750 423 1805 δέ
443 1754 551 1807 πείθειν
569 1754 597 1806 έν
616 1751 653 1823 τρῖ
671 1750 821 1817 διδοῖσκτιν,
834 1752 867 1808 τό

99 1838 193 1909 σαθρσί
207 1834 253 1890 καί
267 1835 301 1890 ταὶ
320 1832 433 1907 ἰσχυροί,
452 1836 485 1891 ταί
505 1856 532 1891 τε
552 1837 600 1890 τοῦ
618 1838 646 1900 ἐξ
662 1835 800 1900 ἐναντίας,
822 1830 867 1891 καλ

100 1923 147 1977 τοῦ
175 1915 262 1974 αὐτοῦ
287 1919 355 1994 πρός
382 1920 412 1972 τί
442 1922 582 1991 συμφέρον
609 1922 867 1994 μεταχειριζόμενον.

100 2003 248 2080 ἆμοίρτημα
262 2002 291 2059 δέ
305 2002 351 2058 καί
369 2004 400 2056 τό
414 2007 554 2072 πανταχοῦ
570 2002 736 2075 διηγεῖσθαι,
751 2006 790 2077 μη
804 2008 866 2061 ἐπι-

99 2092 243 2160 στιίμενον,
267 2083 310 2144 ὅτι
328 2083 376 2157 ὅλη
394 2088 443 2160 μέν
461 2085 520 2145 ῖδέα
544 2088 759 2161 συμβουλευτικοὶ
775 2088 820 2159 διη

99 2197 162 2240 σεως
176 2170 210 2231 οδ
224 2174 325 2230 δεῖται·
349 2175 424 2229 ίσασι
443 2175 496 2246 γάρ
516 2170 543 2228 οῖ
555 2173 728 2244 βουλόμενοι,
756 2172 820 2247 περί
832 2191 868 2228 οιν

98 2261 275 2325 σκοποῦνται,
288 2279 334 2315 και
324 2255 462 2313 δέονται
480 2250 624 2363 μαθεῖν,
608 2259 773 2331 οπρακτέον
785 2256 866 2323 ἐστίν,

99 2339 149 2412 οδγ
163 2340 230 2418 ὅπερ
244 2341 373 2441 βουλευτέ
374 2362 413 2398 ον.
441 2339 492 2398 εῖσί
519 2341 547 2397 δέ
561 2339 607 2397 καί
634 2340 710 2399 δίκαι
732 2340 867 2416 διηγήσεις
901 2368 908 2405 'a

100 2420 150 2482 οίκ
165 2426 287 2494 ῖγουσαι·
311 2446 393 2482 αυται
420 2423 497 2481 δέ’
474 2446 525 2482 εισι
548 2425 594 2480 καί
613 2428 670 2489 τοῖς
685 2424 824 2493 δικάζουσι
838 2424 867 2479 τό
901 2414 907 2487 :⁵

99 2511 210 2583 πριῖγμα
223 2513 360 2586 γνώριμον
372 2509 474 2584 έχουσι,
481 2508 527 2566 καῖ
540 2512 596 2575 τοῖς
609 2508 756 2573 σῖντιδίκοις
770 2506 908 2587 δμοίιιςέ

93 2588 265 2672 ίμφοιέροις
277 2594 503 2671 δμολογοίιμενσν
523 2613 606 2651 αυται
627 2591 696 2652 δέ
672 2615 740 2653 τισιν
753 2617 784 2651 αι
773 2592 866 2650 πλεί-
