1950 2954
166 207 220 260 230
338 194 499 250 DIONYSII
517 192 768 247 HALICARNASS.

168 311 215 362 λον
233 303 385 379 ἁρμόττειν,
411 304 467 366 τοῖς
493 300 521 357 δὲ
547 300 708 368 δικανικοῖς,
737 297 809 358 ἔνθα
822 301 875 358 τῶν
888 298 935 358 ἁλ·

168 388 282 461 λοτρίων
302 385 436 454 ἀκουστὴς
462 386 565 459 γίνεται
578 384 667 440 κακῶν
692 382 858 459 όδιιιαστὴς,
885 400 949 458 μιν·

165 477 212 543 γῆς
225 492 253 526 τι
265 471 312 527 καί
324 471 377 526 τῶν
388 466 482 535 ἁλίαν,
511 466 564 525 ὅσα
577 466 726 541 τιμιίιτατιί
738 472 812 525 ίστιν
825 469 932 546 ἁνθρίι·
953 522 957 527 .

166 577 234 621 ποις,
263 544 383 627 άχρσιοῖν,
411 554 461 622 τήν
483 554 579 626 χάριν,
608 551 654 609 καί
678 554 727 622 τὴν
744 549 861 623 ἡδονὴν,
888 554 933 610 καί

165 642 214 707 τὴν
243 636 364 706 ἀπάτην,
394 637 441 693 καί
471 639 504 693 τά
530 637 708 711 παραπλήσια
733 635 853 702 τούτοις.
886 637 929 694 διὰ

166 725 249 779 τοῦτο
263 725 291 777 δν
317 721 365 792 μίν
391 723 453 784 ταῖς
479 721 656 793 συμβουλαῖς,
684 719 731 776 καί
740 723 862 795 μάλιστα
875 726 933 787 τοῖς

166 807 236 862 κατοί
273 806 426 872 Φιλίππου,
459 806 698 878 κατακορεστέραις
723 806 849 880 κέχρηται
875 809 932 872 ταῖς

166 888 304 954 τοιαύταις
318 887 478 963 ἁρμονίαις·
506 891 535 944 ίν
554 886 583 943 δὲ
603 889 660 951 τοῖς
673 889 740 964 πρός
753 891 787 945 τά
801 888 932 960 δικαστή-

166 997 212 1049 ρια
226 976 417 1040 συνταχθιῖσι,
445 975 503 1037 ταῖς
527 974 696 1046 γλαφυραῖς·
723 971 770 1029 καί
795 971 885 1030 αὐτοῖν
906 974 932 1030 δί

167 1061 218 1112 τῶν
234 1057 377 1113 δικανικῶν
403 1057 484 1112 πάλιν
509 1060 536 1110 όν
549 1056 597 1128 μίν
610 1058 668 1119 τοῖς
681 1055 838 1128 δημοσίοις,
866 1057 933 1114 ἔνθα

168 1145 199 1197 τό
213 1139 316 1213 άξίιομα
336 1139 389 1196 ἔδει
408 1142 454 1209 τῆς
476 1142 577 1204 πόλεως
589 1141 716 1211 φυλάξαι,
742 1144 803 1207 ταῖς
814 1145 933 1216 μεγαλο-

168 1227 361 1299 πρεπεστέραις
389 1224 530 1280 πλείοσιν·
567 1227 595 1279 λυ
627 1223 657 1280 δί
690 1226 746 1289 τοῖς
776 1223 929 1292 ῖδιωτιιιοῖς,

168 1311 298 1366 ἐλάττοσι.

235 1393 283 1450 46.
310 1393 455 1449 Συνελόντι
469 1387 497 1447 δ’
526 1388 619 1465 ιίπεῖν,
646 1386 680 1448 σά
692 1393 777 1462 μόνον
791 1395 867 1467 παρὰ
890 1394 935 1457 τιίς

171 1478 306 1547 ίόιότητας
325 1479 376 1533 τῶν
390 1478 474 1551 λόγων
488 1474 534 1531 καί
552 1478 598 1539 τάς
612 1479 788 1551 παραλλαγάς
800 1479 851 1533 τοῖν
865 1475 934 1534 ἁπο-

171 1563 281 1627 θίσεων,
310 1561 459 1634 διαφόρους
483 1554 547 1633 ρ’ίετσ
573 1560 629 1615 δεῖν
647 1563 791 1617 ποιεῖσθαι
805 1564 852 1624 τοῖς
865 1564 934 1634 κρά-

171 1665 223 1706 σεις
239 1647 290 1698 ’τῶν
303 1649 331 1698 ίν
345 1644 378 1718 τῇ
391 1646 518 1700 συνθέσει
528 1644 713 1718 χαρακτήρων,
728 1641 796 1699 άλλὰ
810 1644 857 1700 καὶ
871 1639 934 1718 παρ’

173 1726 243 1784 αάτιί
269 1729 303 1782 τά
329 1729 392 1801 γίνή
410 1728 461 1781 τιῖιν
488 1730 720 1802 ἐπιχειρημάτων,
753 1729 787 1783 τά
814 1733 935 1803 συμπλη-

172 1812 271 1887 ρωτικά
296 1814 362 1886 με’ρη
382 1811 532 1883 διαφόρους
559 1809 654 1882 ἔχοντα
676 1813 722 1875 τάς
742 1811 836 1883 φάσεις
856 1813 932 1887 δρῶν,

173 1896 385 1960 διαλλαττσίισας
416 1898 595 1961 κατασκευαῖς
627 1896 674 1960 τάς
699 1894 832 1969 ἁρμονίας
863 1900 932 1952 ε’ττει·

170 1982 240 2056 ρὰτο
254 1983 373 2051 κοσμεῖν,
401 1975 484 2044 ἁλλως
506 1979 555 2049 μὲν
567 1981 614 2042 τάς
628 1983 815 2053 γνωμολογίας
841 2001 932 2037 συντι-

171 2064 247 2136 θείς,
264 2059 356 2129 άλλως
381 2061 410 2117 δὲ
429 2065 463 2118 τά
489 2063 670 2135 ἐνθυμήματα
678 2107 685 2131 ,
712 2063 848 2139 διαφόρως
861 2064 890 2119 δὲ
904 2067 934 2119 τά

172 2148 387 2222 παραδείγματα.
413 2148 497 2211 πολὺς
514 2145 548 2202 άν
562 2149 601 2217 εἴη
617 2149 703 2218 λόγος,
730 2146 753 2202 εῖ
772 2151 820 2212 τάς
835 2149 934 2221 διαφο-

170 2235 219 2306 ράς
232 2230 340 2297 ἁπάσας
352 2233 503 2303 βουλοίμην
517 2234 615 2304 λέγειν,
643 2227 709 2295 ὅσας
721 2235 819 2296 ἐκεῖνος
843 2233 859 2288 ἁ
878 2232 935 2288 δαι-

170 2318 261 2386 μόνιος
276 2314 344 2387 ἁνήρ
357 2315 433 2388 δρῶν,
448 2315 493 2370 καί
507 2316 573 2391 πρὸς
583 2316 677 2389 χρῶμα
690 2314 805 2371 ἕκαστον
819 2315 862 2373 άεί
875 2336 936 2387 σχη-

170 2401 285 2470 ματίζων
296 2400 343 2453 τόν
357 2402 450 2474 λόγον,
479 2395 568 2454 άνέσει
581 2420 608 2454 τε
622 2397 667 2453 καὶ
679 2401 799 2455 ἐπιτάσει
814 2402 935 2473 ταμιευό·

169 2503 249 2552 μενος
263 2486 313 2537 τῶν
327 2481 461 2558 ἁρμονιῶν
475 2485 613 2556 ἑκατέροιν,
632 2483 694 2547 τοὺς
709 2484 808 2548 καλοὺς
823 2486 936 2547 ἐκείνους

170 2566 248 2637 λόγος
270 2563 425 2623 ἁνόπλασεν.
461 2567 687 2640 παραδειγμάτων
711 2561 744 2621 ,δ’
773 2565 825 2623 οάκ
846 2571 935 2641 οῖ’σμαι

161 2648 222 2708 δεῖν
235 2653 377 2723 ἐνταῦθα,
404 2651 450 2711 ῖιοι
472 2674 516 2730 μοι
536 2653 640 2726 μείζονα
652 2652 742 2707 πίστιν
757 2651 774 2706 ἁ
787 2654 867 2726 λόγος
892 2653 935 2708 λάι
