1950 2954
132 171 180 221 DE
195 168 318 222 ADMIR.
328 168 366 221 VI
381 168 529 220 DICENDI
539 169 575 220 IN
592 169 776 220 DEMOSTH.
810 171 860 228 207

96 277 328 340 κατεσκευακέναι,
357 271 404 329 καί
417 275 486 328 κατά
501 275 582 329 τούτο
594 276 711 346 μάλιστα
726 273 862 346 διαφέρειν

96 362 148 416 τῶν
162 352 249 414 ἄλλων
258 402 266 427 ,
281 358 382 421 πίστεις
397 356 462 433 ύπέρ
477 357 556 413 τούδι
569 361 753 432 παρειχόμην·
775 357 863 413 διελό-
890 419 894 424 ,

97 464 175 506 ιιενος
188 444 236 513 μὲν
250 443 299 511 τήν
318 444 387 505 λέξιν
402 439 438 506 εἷς
451 445 520 516 τρεῖς
531 446 702 518 χαρακτῆρας
715 442 777 506 τούς
789 462 863 514 γενι-

97 530 242 594 κωτάτους,
270 529 317 582 τόν
336 522 358 580 τ’
371 524 476 593 έσχνόν,
504 527 551 583 καί
564 528 611 583 τδν
627 527 741 600 ύιμηλδν,
756 524 864 580 καὶτὸν

95 613 193 685 μεταξύ
219 610 333 667 τούτων·
361 609 523 675 άποδεικνύς
543 605 570 666 δ’
585 607 670 667 αύτόν
683 615 711 667 ἐν
724 613 780 673 τοῖς
793 608 864 684 τρισί

95 699 183 772 γένεσι
201 695 399 769 κατορθοῦντα
413 696 464 749 τῶν
477 689 564 751 ἄλλων
581 697 715 768 μάλιστα,
730 695 806 759 λέξεις
820 716 861 749 τι·
944 744 950 755 ,

98 783 146 844 νάς
159 774 246 835 αύτού
270 778 422 850 λαμβάνων,
450 771 491 840 αἷς
519 776 760 854 ἀντιπαρεξήταζον
773 782 863 851 ἑτέρας

97 863 241 938 ὁμοειδεῖς,
256 865 338 937 λόγου
351 864 400 934 μὲν
412 859 494 927 άξίας,
511 858 543 916 ού
555 865 610 935 μην
624 861 820 931 άνεπιλίχπτους
832 883 863 935 γε

96 952 194 1015 τελέως,
210 940 282 1013 οὐδ’,
303 942 389 1021 ὥσπερ
403 949 497 1018 ἐκείνη,
511 947 601 1011 πάσας
615 948 661 1012 τάς
675 944 772 1022 άρετάς
785 946 860 1014 ἐχού-

97 1054 154 1099 σας.
181 1031 227 1087 καέ
252 1027 372 1106 γάρίχτ’
396 1026 568 1105 Ἰσοκράτους
595 1028 861 1094 καίΠλάτωνοςκαέ

96 1120 149 1173 τῶν
162 1115 402 1187 θαυμασιωτάτων
415 1112 521 1190 ἀνδρῶν
533 1115 625 1189 μνήμη
638 1115 685 1170 καί
712 1114 859 1188 σύγκρισις,

96 1197 146 1257 οὔκ
160 1200 267 1265 ίῈωτού
289 1196 391 1262 εἶκιίτος
416 1201 535 1273 ίγίγνετύ
558 1218 618 1271 μοι·
646 1194 712 1266 ἀλλ’,
741 1197 797 1254 ἐπεὶ
812 1200 860 1253 τού

96 1289 180 1356 μέσου
207 1282 254 1339 καὶ
280 1283 427 1358 κρατίστου
452 1287 622 1358 χαρακτῆρος
646 1271 723 1340 οὗτοι
750 1280 862 1352 ζηλωταί

97 1372 242 1442 γενόμενοι,
255 1370 380 1439 μεγίστης
395 1366 471 1438 δόξης
484 1366 592 1436 ἔτυχον·
606 1367 650 1422 ἵνα
665 1367 786 1441 δείξαιμι,
802 1363 862 1440 κάν,

98 1450 122 1508 τί
147 1454 199 1508 τῶν
224 1446 310 1507 ἄλλων
337 1449 464 1522 άμείνους
489 1449 549 1518 εἶσί,
576 1453 748 1523 Δημοσθένει
773 1445 797 1524 γ’
812 1446 862 1506 ούκ

98 1534 190 1601 άξίονς
200 1534 280 1601 ὄντας
293 1534 462 1611 άμιλλάσθαι
476 1537 537 1613 περὶ
550 1538 603 1592 τῶν
616 1534 769 1611 άριστείων·
784 1530 862 1610 ὀλίγα

97 1623 204 1686 τούτοις
230 1619 267 1676 ἔτι
282 1622 416 1696 προσθεὶς
429 1620 491 1696 περὶ
505 1625 550 1691 τῆς
562 1624 659 1693 λέξεως,
672 1620 716 1679 ίπύ
730 1623 760 1677 τύ
774 1640 862 1676 κατα-

99 1708 255 1776 λειπόμενον
272 1710 318 1776 τῆς
335 1708 451 1784 θεωρίας
463 1709 543 1781 μέρος
555 1707 754 1781 μεταβήσομαι.

163 1789 210 1844 34.
237 1790 330 1844 Ταύτα
357 1786 386 1843 δ’
405 1790 490 1856 ἐστίν,
513 1786 532 1845 ά
550 1795 607 1854 τοῖς
620 1791 691 1864 τρισὶ
705 1792 861 1865 πλάσμασιν

98 1869 167 1945 έφην
181 1868 251 1933 ἰδίας
269 1869 364 1944 άρετάς
390 1873 589 1945 συμβεβηκέναι
614 1876 670 1936 τοῖς
682 1876 863 1943 Δημοσθενι-

99 1957 158 2022 κοῦ,
180 1953 325 2029 μηνίματα
351 1958 579 2031 χαρακτηριστικὰ
604 1956 650 2011 καὶ
676 1953 861 2027 ἀνυφαίρετα·

99 2039 248 2114 ύιτομνήσω
263 2038 291 2093 δέ
305 2039 486 2112 πρῶτονμὲν,
506 2032 593 2103 άτοῖς
605 2033 694 2103 ἄλλοις
707 2041 862 2110 πλάσμασιν
958 2032 961 2040 “

99 2124 167 2197 ἔφην
182 2121 252 2188 ἰδίας
264 2119 360 2197 άρετάς
373 2123 574 2197 συμβεβηκέναι
588 2125 645 2188 τοῖς
658 2125 861 2196 Λημοσθένους,

99 2207 117 2278 ἢ
130 2208 253 2266 Λυσίου·
271 2203 306 2263 ἵν’
319 2203 484 2272 εὐσύνοπτος
495 2208 597 2281 μᾶλλον
609 2207 720 2282 γένηταί
731 2226 780 2279 μοι
792 2207 807 2262 ά
820 2208 863 2262 λδ·

100 2315 155 2369 γος.
181 2293 255 2348 δοκεῖ
268 2292 300 2361 δὴ
325 2314 373 2366 μοι
391 2294 443 2347 τῶν
454 2293 503 2364 μέν
518 2289 608 2366 ύψηλῇ
635 2291 681 2347 καί
694 2290 805 2366 περιττῇ
819 2289 864 2348 καί

101 2379 276 2452 ἐξηλλαγμένη
302 2378 365 2440 λέξει
382 2378 555 2452 κεχρημένων,
570 2377 639 2432 κατά
652 2375 681 2429 τδ
697 2376 863 2447 σαφέστερον

101 2462 148 2517 καὶ
166 2463 317 2536 κοινότερον
342 2460 376 2536 τῇ
395 2461 519 2537 ἑρμηνείᾳ
533 2463 691 2536 κεχρῆσθαι,
704 2453 831 2534 προύχειν
845 2456 863 2514 δ

100 2547 285 2616 Δημοσθένης.
310 2545 412 2602 τούτων
437 2548 490 2623 γάρ
509 2550 538 2603 ίν
551 2546 627 2622 παύση
637 2543 800 2612 numm-axvi&
807 2560 873 2594 m·

92 2631 203 2698 „racem
209 2631 333 2708 μέγεθος
345 2632 447 2713 ίχαύση
459 2677 467 2706 ,
493 2632 545 2693 καὶ
557 2632 679 2696 ταύταις
704 2627 842 2696 *kam*
851 2627 904 2673 Ψ
