1950 2954
150 203 195 248 bh
208 195 777 248 ADMm.V1n1CEND11NDEMOSTH.
810 201 859 256 237

98 301 243 376 περίοδον,
269 294 304 370 ἣν
314 300 444 358 καλοῖσιν
457 299 484 357 οἱ
506 299 634 374 μουσικοί
662 301 795 374 στροφήν·
811 297 859 375 κρῖ·

99 407 178 444 πειτα
188 388 270 441 πάλιν
284 388 341 452 τοῖς
360 380 454 450 αὖτοῖς
483 388 603 462 ῥυθμοῖς
628 384 676 440 καὶ
700 388 805 458 μέτροις
817 386 861 443 ἐπί

98 472 150 526 τοῖν
164 465 253 527 αὖτοῖν
266 472 375 541 στίχων,
402 466 579 544 ἢπεριόδων,
608 463 639 533 άς
663 466 861 545 ἀντιστρόφους

97 552 270 628 ὀνομάζουσι,
294 556 426 629 χρωμένη,
453 551 499 610 καί
512 552 548 629 τηῖ
561 554 677 625 σχήματι
703 552 790 626 τοὺτῳ
816 558 862 624 τῆς

96 724 247 797 βαίνουσα,
262 721 388 798 έμμετράς
400 716 422 777 τ’
436 721 492 778 έστὶ
505 722 551 779 καί
563 722 710 797 έῤῥυθμσς,
736 721 782 778 καί
795 718 859 778 ὀνό-

96 828 171 879 ματα
184 809 271 861 κεῖται
296 806 331 882 τῇ
353 805 467 880 τοιαύτη
481 809 545 869 λέξει
570 807 666 882 μέτρον
680 806 724 863 καί
737 802 859 880 μέλος·ἡ

98 891 127 946 ίέ
148 892 400 965 περιπεπλανημένα
418 892 502 964 μέτρα
521 887 567 945 καὶ
586 891 713 965 ῥυθμοὺς
730 888 861 953 άτάκτους

96 975 388 1050 ἐμπεριλαμβάνουσα,
411 973 458 1030 καί
483 974 544 1048 μήτ’
573 971 747 1031 ἀκολουθίαν
772 970 860 1030 αὐτῶν

97 1061 282 1132 φυλάττουσα,
297 1060 363 1133 μήτε
378 1058 541 1133 ὁμοζυγίαν,
555 1054 615 1130 μήτ’
631 1054 713 1128 άλλην
727 1058 858 1132 ὁμοιότη-

97 1165 131 1201 τα
143 1145 305 1219 τεταγμένην
329 1144 477 1217 μηδεμίαν,
504 1138 642 1220 εὔρυθμος
668 1146 717 1215 μέν
743 1141 860 1199 ἐστικαὶ

61 1285 62 1288 ,
97 1225 237 1305 εὔμετρος,
269 1228 359 1296 ἐπειδὴ
386 1227 604 1284 διαπιποίκιλται
603 1228 738 1331 μέτροις
760 1248 788 1283 τι
814 1226 860 1282 καί

96 1316 217 1385 ρυθμοῖς
229 1332 311 1386 τισιν,
325 1307 358 1367 οὗ
370 1314 426 1387 μὴν
431 1307 613 1416 έρρυθμάς’
587 1335 623 1387 γ,
638 1307 732 1368 οεῖά”
699 1312 859 1415 έμμετρος,

96 1391 234 1467 έπειῦη’
201 1395 262 1467 ουχὶ
280 1398 337 1460 τοῖς
362 1392 470 1470 αὐτοῖς,
498 1393 562 1454 οάίέ
575 1398 644 1452 κατά
657 1393 743 1452 ταῦτά
761 1395 859 1464 έχουσι.

95 1480 225 1551 τοιαίιτην
239 1479 267 1537 δέ
286 1502 357 1554 φημι
368 1484 459 1537 πᾶσαν
473 1474 543 1538 εἶναι
556 1482 622 1547 λέξιν
619 1484 783 1582 πολιτικὴν,
798 1483 827 1534 έν
842 1466 859 1552 ᾗ

96 1568 127 1621 τὸ
141 1565 283 1636 ποιητικὸν
295 1565 455 1672 ἐμφαίνεται
480 1567 589 1631 κάλλος
614 1551 633 1640 ᾖ
646 1587 694 1623 και
682 1565 754 1620 τὸν
766 1569 859 1637 Δημο-

96 1652 184 1721 σθένη
199 1652 358 1725 κεχρημένον
366 1650 442 1754 υάροῖ.
455 1651 502 1715 τάς
516 1651 545 1706 δέ
558 1648 620 1726 περὶ
633 1650 733 1707 τούτου
746 1669 796 1705 τον
803 1649 859 1750 μέ-

97 1753 162 1805 ρους
174 1735 276 1797 πίστεις
294 1739 322 1789 έν
335 1738 393 1802 τοῖς
417 1736 524 1809 πιρί
493 1755 538 1807 της
552 1738 706 1800 συνθέσεως
716 1736 861 1809 γραφεῖσιν

98 1812 289 1887 άποάεέωκάς,
316 1814 366 1873 οὐκ
394 1815 547 1891 ἀναγκαῖον
571 1816 691 1892 ηγοῖιμαι
710 1815 860 1891 κη’νταῖιθο

97 1900 191 1974 λέγειν.
206 1897 326 1973 τρίτον”
311 1919 350 1955 οτι
369 1899 416 1955 καί
440 1903 568 1976 τέταρτον
583 1899 727 1972 idioma*
696 1921 742 1970 της
755 1902 860 1957 συνθέ-

50 2013 58 2027 ·
98 2002 162 2046 σεως
176 2003 225 2040 τον
209 1969 379 2058 ’ῥήτορος
364 2003 406 2051 ην,
417 1985 447 2038 τά
461 2006 475 2040 τ
474 1980 659 2049 έξαλλάττειν
672 1984 859 2090 παντσδρπῶς,

97 2066 188 2123 καὶτὸ
215 2068 384 2140 σχηματίζειν
410 2070 537 2132 ποικίλοις
563 2089 598 2124 τα
590 2070 684 2124 κῶλα
697 2067 742 2125 και
754 2068 802 2133 τας
814 2089 860 2123 πε·

97 2149 214 2228 ριάὸους.
229 2147 291 2207 οὐδέ
305 2153 358 2226 γάρ
372 2153 444 2207 ἐστιν
455 2148 542 2216 συθείς·
552 2149 640 2220 οῖπλοῖς
652 2147 773 2218 τόπος,
756 2174 786 2218 ος
798 2148 860 2221 οὐχί

99 2237 319 2292 διαπεποίκιλται
340 2238 400 2300 ταῖς
423 2231 447 2290 τ’
460 2238 617 2311 ἐξαλλαγαῖς
629 2234 744 2302 καὶτοῖς
756 2256 858 2310 σχημα-

97 2324 212 2394 τισμοῖς,
236 2319 270 2386 ὡς
281 2315 398 2384 ἅπαντες
419 2321 511 2377 ἴσασι·
534 2323 582 2377 καί
597 2343 647 2396 μοι
673 2321 747 2376 δοκεῖ
771 2321 856 2375 ταῦτα

95 2406 134 2478 μή
152 2407 239 2481 λόγων
265 2402 388 2472 δεῖσθαι,
408 2398 529 2480 γνώριμα
547 2404 593 2461 καί
607 2408 663 2469 τοῖς
676 2405 859 2477 φαυλοτάτοις

94 2487 171 2544 ὅντα.

161 2575 209 2629 51.
235 2574 321 2630 Ταυτί
332 2594 381 2645 μοι
393 2573 467 2632 δοκεῖ
479 2574 625 2679 μηνίματα
643 2577 693 2644 τῆς
706 2577 858 2639 συνθέσεως

93 2675 106 2709 ε
107 2649 164 2711 ἲναι
177 2657 225 2725 τῆς
237 2661 447 2731 Δημοσθένους,
464 2656 509 2715 καί
527 2661 729 2735 χαρακτηρικά,
738 2646 792 2723 ἐξ,
778 2681 817 2712 ιον
831 2678 865 2708 m
