1950 2954
270 129 319 179 απ
337 125 514 178 ωοοπιτπ
533 126 706 181 τνοτοτνιτ.
816 137 866 194 291

97 228 245 307 λόγους’
209 235 295 289 αυτοὺ
310 236 365 297 τοῖς
377 229 472 297 αὑτοῖς
485 233 641 306 τρόποις”
611 253 656 304 της
669 234 758 299 λόξευς
770 257 866 313 κιγρηι.

96 321 207 390 μόνους·
236 312 298 374 ώοτ
325 323 352 374 ἐν
366 319 611 420 πολλοῖςτιγνικώς
636 319 670 372 τά
685 313 781 375 καθ’
766 341 867 383 εκαστω

97 403 312 510 ἑξεργαζόμετρν,
333 406 390 466 τολς
409 397 518 465 όλοις’
499 405 607 476 απριπῆ
627 404 761 469 παντελῶς
773 406 867 478 φαίνε-

96 490 177 550 σθαι,
195 488 280 543 όιά
253 509 284 542 το
298 509 335 556 μη
327 490 534 563 προσηκόντως
549 491 603 548 τοῖς
619 486 802 562 ὑποκειμένοις
817 493 865 546 τών

95 571 176 643 ἧθών
201 573 321 646 φράζειν.
342 568 498 647 Ἱερώνυμος
518 572 581 627 όὲό
605 576 758 645 φιλόσοφός
771 596 863 646 φησιν,

96 654 252 728 άναγνώναι
269 658 319 728 μὲν
333 653 442 711 ἅντινα
457 657 611 724 δυνηθῆναι
624 658 687 722 τούς
701 660 798 731 λόγους
812 657 864 715 αὑ-

57 791 62 798 .
96 744 147 796 τοὺ
162 743 260 812 καλῶς,
287 741 476 816 δημηγορῆσαι
497 740 524 794 δι’
547 741 864 809 τὴντιφωνήνκαλτόν
963 782 966 787 -

96 828 179 882 τόνον
198 820 353 900 ἐπάραντα,
381 825 429 882 καὶ
441 829 469 881 ἐν
482 823 568 898 ταὺτη
582 827 617 899 τῇ
629 826 783 900 κατασκευῇ
796 832 862 899 μετά

96 914 142 981 τῆς
159 907 348 984 ἁρμοττούσης
368 909 531 985 ὑποκρίσεως
544 906 642 975 εἰπεῖν,
663 905 696 966 οὑ
720 913 862 976 παντελῶς.

97 996 128 1050 τό
139 997 194 1069 γάρ
206 997 333 1068 μέγιστον
346 993 393 1050 καλ
406 994 615 1065 κινητικώτατον
625 996 677 1048 τών
688 992 780 1066 όχλων,
793 1018 864 1069 παρ-

96 1082 252 1153 σιτεῖσθαι,
271 1082 300 1135 τό
319 1073 476 1148 παθητικόν
502 1076 548 1134 καὶ
573 1077 709 1150 ἔμψυχον·
728 1078 863 1136 όουλεόειν

95 1165 150 1239 γάρ
163 1159 248 1218 αὑτὸν
262 1163 294 1237 τῇ
307 1165 421 1233 λειότητι
445 1163 490 1218 διά
510 1165 627 1227 παντός·
645 1164 677 1217 τό
696 1163 724 1218 όέ
738 1167 863 1240 κεκραμὲ·

96 1269 147 1304 νον
160 1248 206 1303 καὶ
219 1247 396 1304 παντοόαπόν
410 1250 531 1303 ἐπιτάσει
544 1268 571 1302 τε
585 1247 631 1302 καὶ
645 1245 746 1316 άνὲσει,
775 1249 821 1305 καὶ
833 1250 862 1304 τό

94 1336 157 1397 ταῖς
170 1335 339 1402 παθητικαῖς
357 1331 507 1388 ὑποθέσεσι
526 1332 724 1405 όιειλημμὲνον,
746 1331 860 1408 ὑπερβε-

95 1419 222 1491 βηκέναι.
250 1419 376 1473 καθόλου
389 1417 418 1473 ὑπ’
431 1437 515 1487 φησιν
529 1412 613 1471 αὑτόν
627 1413 662 1480 εἷς
688 1414 864 1490 ἀναγνώστου

95 1501 196 1566 παιόός
208 1503 301 1572 φωνην
313 1501 478 1567 καταόὺντα,
491 1502 556 1574 μήτε
569 1503 662 1569 τόνον,
682 1502 747 1573 μήτε
762 1503 862 1572 πόθος,

95 1587 162 1659 μήτε
184 1584 327 1658 ὑπόκρισιν
354 1586 495 1643 όὺνασθαι
522 1587 620 1660 φέρειν.
647 1588 755 1650 πολλοῖς
775 1586 802 1641 όὲ
817 1609 862 1642 και

96 1665 188 1733 ἄλλοις
202 1673 287 1726 ταῦτα
302 1692 348 1727 και
338 1670 538 1790 παραπλησια
551 1669 656 1734 τούτοις
670 1672 787 1744 εἴρηται,
800 1672 861 1744 περι

96 1777 135 1812 ων
148 1749 228 1811 ουόεν
243 1756 336 1824 δέομαι
361 1757 483 1829 γράφειν.
508 1759 536 1816 ἐξ
554 1751 635 1824 αὑτῆς
654 1758 708 1856 γάρ
727 1754 801 1855 ἕρται
816 1777 861 1824 της

96 1835 268 1912 Ἰσοκράτους
296 1840 385 1904 λέξεως
409 1840 534 1908 τεθείσης
561 1833 751 1907 κατοφανηςό
769 1841 861 1893 τετών

95 1924 231 1997 περιόόων
244 1926 360 1999 ρνθμός,
387 1926 527 1988 ἐκπαντὸς
553 1921 653 1977 διώκων
668 1945 696 1977 το
688 1924 862 1994 γλαφυρόν,

98 2007 144 2066 καὶ
159 2010 211 2064 τών
225 2011 367 2081 σχημάτων
384 2011 415 2064 τό
428 2008 599 2082 μιιρακιώόες
613 2005 674 2079 περὶ
689 2009 735 2067 τάς
749 2002 863 2060 άντιθὲ-

97 2112 161 2158 στις,
178 2091 224 2148 καὶ
240 2096 400 2166 παρισώσεις
413 2092 459 2149 καὶ
481 2091 679 2166 παρομοιώσεις
704 2091 863 2160 κατοτριβό·

98 2196 188 2248 μενον.
215 2176 262 2233 καὶ
276 2172 353 2232 οὑτό
372 2180 449 2250 γε’νος
474 2179 616 2250 μέμφομαι
639 2176 692 2229 τών
707 2175 847 2243 σχομάτων

98 2259 195 2318 πολλοὶ
220 2263 276 2337 γάρ
289 2256 383 2326 αὑτοῖς
407 2261 553 2336 ἐχρήσαντο
579 2258 627 2326 καὶ
640 2259 805 2331 συγγραφεῖς
817 2255 864 2314 καὶ

99 2347 222 2420 ῥήτορες,
250 2337 366 2403 άνθλσαι
391 2348 553 2420 βουλόμενοι
573 2345 620 2413 τὴν
633 2343 714 2406 λέξιν·
734 2340 801 2398 άλλά
816 2344 860 2399 τόν

99 2431 278 2502 πλεονασμόν.

165 2514 213 2574 14
242 2514 286 2588 To}
310 2516 363 2590 γάρ
376 2536 414 2587 μη
428 2517 456 2569 ἐν
482 2512 576 2616 καιρῷ
591 2513 727 2588 γλνεσθαι,
756 2504 821 2611 μηδ
837 2514 865 2564 ὲν

101 2592 166 2677 εὑρη,
180 2569 392 2675 προσλότασθαλ
404 2620 473 2671 φημι
486 2602 544 2664 ταῖς
558 2594 667 2666 άιιοαῖς.
682 2620 714 2657 εν
728 2620 744 2673 γ
777 2616 828 2652 ουν
845 2588 887 2662 τῖε

382 2724 384 2728 ψ
625 2684 652 2736 Τ
672 2703 690 2738 2
