1950 2954
141 170 205 220 DE
223 167 494 221 COMPOSITIONE
514 171 715 226 VERBORVM.
788 183 823 238 29

73 299 106 342 ως
121 271 171 333 οιῖκ
199 273 340 349 άναμκαίῳ
365 274 606 349 προσηρανίσθαι,·
634 274 755 351 ,ζἘρμων
767 277 822 387 γάρ

70 383 101 418 εν
87 351 293 437 π’ραχθίνιων
320 361 390 435 λόγῳ
416 360 502 423 καλῶς
528 321 653 464 δηθένεί.
664 364 755 434 μνήμη
776 365 822 420 καί

70 451 172 518 κόσμος
190 445 296 520 γένειαν
312 448 368 508 τοῖς
389 445 505 521 πράξασι
523 443 597 517 παρά
617 449 670 501 τῶν
685 444 821 503 άνουσάν-

70 539 160 588 εων.“
187 533 254 607 πρὸς
280 525 398 586 οάδέν’
379 532 531 604 αναγκαῖον
554 531 674 605 λέγεται,
701 527 789 588 άλλ’“
776 554 821 590 ινα

70 618 254 672 ῖιελενεαῖον
280 615 365 671 κοῖλον
383 615 429 670 ιδ·
458 616 523 678 Τοῖς
549 616 680 688 πράξασι·
704 618 822 690 πάρισόν
892 630 896 637 ’

70 724 77 757 ε
91 701 140 758 καί
155 701 305 772 ἐφάμιλλον
319 700 377 762 τοῖς
390 699 442 773 πρδ
464 694 550 754 αάιοῦ
562 701 679 772 γένηται.
706 701 734 756 τί
746 701 774 757 δέ
789 702 822 770 δη

70 789 80 841 ῖ
107 779 171 858 παρ’
188 781 302 858 Αίσηίνη
325 784 468 854 λεγόμενον
493 784 584 850 τουτί,-
610 779 692 859 ,,Ἰε’πί
718 786 824 842 σαυτόν

71 874 172 935 καλεῖς,
197 868 242 924 ἐπὶ
256 867 319 931 τοὺς
332 871 432 939 νόμους
444 870 540 934 καλεῖς,
565 867 610 923 ἐπί
625 871 672 936 τὴν
687 869 822 943 δημοκρα-

70 957 131 1012 ιίαν
150 954 269 1018 καλείς.“
299 954 429 1025 τρίκωλον
448 955 477 1007 έν
495 954 552 1015 τοῖς
568 953 641 1007 πάνυ
657 953 823 1026 ἐπαινούμε-

70 1062 107 1109 ον,
136 1034 200 1108 οὗχὶ
214 1040 259 1108 ιῆς
272 1032 356 1104 αὐτῆς
369 1034 441 1100 ῖδέας
454 1034 541 1105 ἔχεται
547 1064 559 1103 ,·
586 1031 602 1090 6
615 1033 669 1110 γάρ
682 1029 741 1092 οἷόν
755 1034 778 1092 τ’
791 1026 824 1105 ἦν

70 1125 89 1181 6
103 1123 178 1196 κάλῳ
199 1123 404 1197 περιληφθῆναι
426 1120 502 1176 τάνδε
520 1124 570 1178 τὸν
589 1123 704 1196 ιρδπον·
743 1116 823 1194 ,Ἐπί

70 1208 188 1274 σεανιόν
207 1206 252 1263 καί
278 1205 342 1270 εοίνς
368 1207 467 1278 νόμους
493 1205 539 1262 καί
562 1208 610 1274 τήν
638 1206 822 1281 δημοκρατίαν

71 1296 177 1356 καλεῖς·
188 1301 205 1325 “
230 1293 313 1348 τοῦτο
328 1287 364 1355 είς
376 1290 438 1364 τρία
454 1286 592 1366 διῄρηται,
623 1293 669 1361 τῆς
682 1288 765 1361 αὐτῆς
777 1295 822 1349 λε’-

70 1400 123 1450 εως,
154 1372 251 1432 οὗτοῖι
266 1372 524 1451 άναμναίουὲνεκα,
550 1376 600 1430 τοῖν
615 1375 644 1430 δέ
663 1371 731 1445 ἡδίω
745 1379 823 1445 ποιῆ·

70 1486 100 1519 αι
112 1483 162 1530 την
171 1459 317 1535 αρμονίαν,
336 1460 465 1524 πολλάκις
478 1459 609 1528 τεθείσης,
636 1481 683 1516 και
674 1460 823 1568 πράςεσιι

72 1550 149 1612 άθος
162 1567 198 1618 τῳ
187 1546 294 1619 λόγῳ.
320 1548 367 1614 τῆς
384 1545 434 1616 μὲν
448 1543 480 1613 δὴ
501 1540 735 1619 προσθέσεως,
717 1567 734 1614 η
753 1547 822 1651 μίνε-

70 1655 95 1688 αι
108 1635 168 1694 τοῖς
182 1601 285 1702 λάλοις,
305 1650 385 1694 ουτος
399 1650 414 1685 ο
405 1629 540 1704 τρόπος·
559 1632 606 1697 τῆς
620 1623 677 1686 δ”
659 1634 823 1705 αφαιρέοεως

70 1720 107 1784 ίς,
134 1712 205 1770 ὅταν
221 1717 274 1769 τῶν
288 1711 443 1788 άναμκοίων
457 1735 481 1769 ει
494 1715 624 1788 λέγεσθαι
637 1716 732 1769 λυπεῖν
741 1719 822 1819 μέλλη

70 1824 97 1857 αι
87 1800 271 1871 διοχλεῖν
243 1821 290 1870 νην
306 1797 451 1874 άκρόασιν,
480 1795 631 1903 αφαιρεθίν
647 1798 675 1854 δέ
685 1802 823 1874 χαριεστέ-

70 1905 101 1941 αν
114 1888 206 1942 ποιεῖν
220 1885 269 1952 τήν
290 1884 446 1956 ἑρμηνείαν·
474 1884 568 1946 οίάπεο
584 1880 656 1941 ἐσιλν
668 1887 697 1939 ἐν
710 1888 767 1948 τοῖς
777 1886 823 1957 με’·

70 1992 123 2046 ροις
136 1992 171 2027 τα
163 1965 337 2039 Σοφόκλεια
351 1967 442 2024 ταυτί·

114 2054 193 2112 Μίαν
205 2073 233 2107 ιι
247 2073 293 2108 και
283 2050 426 2127 δέδορκα,
453 2045 660 2126 νρίξανίσιαμαι,

116 2141 221 2195 Πλεῖον
234 2137 381 2209 φυλάσσων
394 2133 488 2242 αάιδς,
510 2159 527 2205 η
515 2134 725 2244 ”φολάσσομαι.

70 2227 179 2281 νεαῖιθα
193 2244 247 2295 γαρ
261 2243 276 2277 ο
267 2221 413 2296 δεύτερος
438 2223 527 2290 στίχος
544 2226 572 2278 ἐκ
593 2221 715 2276 δυοῖν
685 2241 824 2296 σνμκειται

70 2313 152 2367 ὡλων.
176 2306 262 2362 τελεία
276 2310 329 2382 γάρ
344 2303 380 2363 άν
393 2329 408 2410 η
398 2295 516 2369 ‘'265oe
500 2328 533 2372 ην
546 2301 631 2370 οὕτως
643 2309 822 2375 ἐξενεχθεῖσα

70 2396 167 2451 Πλέον
180 2393 330 2463 φυλάσσων
344 2386 425 2453 αὖεὸς
438 2392 556 2466 ἐτέρους,
586 2412 603 2457 η
590 2386 824 2496 ”φυλασσδμενος

74 2473 118 2549 ὑφ’
135 2479 273 2551 έεέρων·“
298 2499 328 2531 το
319 2476 373 2531 ’δέ
389 2479 488 2549 μέτρον
505 2473 627 2545 ἠδίκητο,
654 2476 701 2530 καὶ
721 2470 770 2529 οὔκ
792 2472 823 2529 ίίν

70 2584 125 2665 ιμεν
145 2584 179 2629 ην
199 2560 260 2616 νυνί
275 2562 356 2638 χάριν
374 2560 432 2630 ἔχει
460 2564 488 2616 έν
505 2560 534 2616 δέ
553 2562 610 2628 τοῖς
629 2563 719 2633 πεζοῖς
738 2563 835 2642 λόγοις

70 2649 84 2699 ά
99 2665 228 2702 εοιαοιπ
248 2639 413 2714 ,27οίάη
389 2648 494 2716 ονιμέν
505 2669 588 2708 τινων
602 2657 848 2738 κατηγοροῦντα,
