1950 2954
104 196 140 255 38
207 192 369 245 DIONYSII
387 190 639 245 mchnNAss.
659 192 771 245 EPIST.

105 299 208 373 γόμενα
213 327 226 366 ,·
247 298 415 370 θουιιυδίδης
426 297 489 372 μίν,
512 300 569 363 τοῖς
580 300 686 372 χρόνοις
698 294 871 369 άιιολουθάν,

103 380 250 459 Ἡρόδοτος
264 384 307 450 δι’,
330 387 390 450 ταῖς
403 385 541 458 περιοχαῖς
553 386 608 439 τῶν
627 384 801 458 πραγμάτων.
827 378 871 440 καί

104 470 208 542 γίνεται
224 467 392 537 θουκυδίδης
403 468 453 541 μίν
466 463 575 538 άσαφὴς
587 467 633 523 καί
647 466 871 541 δυσπαρακολοδ·

104 555 206 621 θητος·
232 552 336 607 πολλῶν
349 554 403 626 γάρ
416 552 485 608 κατά
499 552 530 606 τό
544 547 612 607 αὐτό
625 554 707 626 θίρος
717 551 761 607 καὶ
772 554 868 625 γειμῶ·

105 656 139 691 να
165 638 329 707 γιγνομένων
355 638 384 691 ίν
411 633 616 710 διαφόροις,ε
598 657 632 701 ως
657 634 737 702 εἰκός,
765 639 867 701 τόποις,

104 716 233 819 ἡμιτελεῖς
252 721 300 785 τάς
325 719 432 793 πρόπας
456 721 563 795 πράξεις
581 719 748 785 καταλιπὼν,
777 723 870 794 ἑτέρων

104 798 218 858 άπτεται
233 805 284 858 τῶν
297 825 366 859 κατα
360 805 409 858 ’τό
432 801 500 861 αάτό
513 806 611 879 θέρος,
637 801 655 872 ἢ
669 806 797 877 χειμῶνα,
824 827 871 877 γι-

104 890 249 962 γινομένων.
282 888 450 960 πλανώμεθα
476 888 523 957 δὴ,
556 889 683 963 καθάπερ
709 886 792 955 εἰκός,
825 886 869 944 καί

105 971 240 1038 δυσκόλως
253 975 309 1038 τοῖς
324 972 498 1044 δηλουμένοις
511 975 794 1047 παρακολουθοῦμεν,
822 994 869 1028 τα·

104 1059 267 1130 ραττομίνης
284 1061 330 1126 τῆς
348 1056 477 1122 διανοίας,
517 1052 663 1131 Ἡρόδοτος
680 1057 723 1133 δὲ,
749 1054 805 1113 άπό
824 1061 869 1127 τῆς

103 1140 202 1197 Λυδῶν
215 1142 354 1214 βασιλείας
367 1139 520 1216 ἀρξάμενος,
537 1140 583 1197 καί
595 1145 670 1216 μέχρι
684 1145 730 1211 τῆς
743 1143 867 1217 Κροίσου

104 1227 236 1300 καταβάς,
259 1224 304 1280 ἐπί
316 1228 413 1298 Κῒιρον
427 1221 535 1292 εὐθέως,
557 1227 603 1302 τόν
617 1225 806 1281 καταλάσαντο
821 1227 868 1293 τήν

103 1313 227 1379 Κροίσου
242 1307 338 1383 άργήν,
361 1312 533 1383 μεταβαίνει·
576 1307 732 1384 Αἰγυπτίων
750 1305 771 1363 τ’
792 1305 870 1384 άργε·

103 1414 148 1448 ται
164 1393 344 1468 διηγημάτων,
372 1393 418 1449 καί
433 1395 588 1460 Σκυθικῶν,
616 1394 663 1450 καὶ
676 1396 815 1467 Λιβυκῶν,
836 1397 869 1448 τά

103 1477 152 1548 μὲν
179 1477 212 1541 ὥς
237 1476 380 1534 ἀκόλουθα
414 1477 512 1546 δηλῶν,
552 1481 586 1533 τά
614 1477 642 1533 δὲ
672 1477 705 1542 ὡς
732 1482 869 1551 χαριεστὲ·

103 1582 153 1634 ραν
183 1563 332 1629 ποιήσοντα
363 1563 411 1629 τήν
432 1562 555 1634 διήγησιν
574 1564 730 1634 ἐπεισάγων,
770 1562 869 1624 διεξελ-

103 1645 163 1698 θών
185 1665 212 1698 τε
239 1647 344 1718 πράξεις
368 1641 500 1714 Ἑλλήνων
530 1646 576 1701 καὶ
608 1647 755 1720 βαρβάρων
785 1647 868 1702 ἔτεσιν

105 1728 175 1799 δμοῖι
189 1728 337 1794 διακοσίοις
350 1728 396 1784 καὶ
410 1731 494 1785 είκοσι
507 1733 650 1805 γενομένας
667 1735 694 1785 ἐν
708 1733 766 1793 ταῖς
781 1732 867 1804 τρισίν

102 1811 239 1885 ἠπείροις,
268 1813 315 1868 καί
330 1817 516 1890 παραγράψας
536 1818 582 1884 τῆς
602 1816 700 1891 Ξέρξου
715 1818 802 1886 φυγῆς
820 1817 868 1883 την

47 1932 50 1938 -
103 1895 233 1973 ἱστορίαν,
262 1893 295 1953 οδ
311 1896 437 1954 διέσπασε
451 1900 499 1966 την
516 1899 652 1971 διήγησιν,
678 1897 745 1954 άλλά
764 1901 867 1972 συμβέ-

105 1983 178 2053 βηκε,
193 1983 229 2054 τῷ
241 1982 298 2054 μὲν,
318 1983 384 2052 μίαν
399 1981 533 2040 ὑπόθεσιν
547 1984 668 2055 λαβόντι,
691 1985 776 2038 πολλά
790 1988 869 2054 ποιῆ-

104 2087 150 2122 σαι
164 2068 229 2139 με’ρη
244 2070 274 2120 τό
301 2065 329 2122 ἓν
343 2070 433 2139 σῶμα·
461 2071 496 2139 τῷ
512 2065 547 2131 δι’,
574 2069 621 2131 τάς
647 2069 746 2128 πολλάς
760 2066 806 2122 καί
820 2063 867 2122 ου’-

105 2149 148 2205 δὲν
162 2153 279 2213 ἐοικυίας
302 2149 445 2213 ὑποθέσεις
472 2153 653 2225 προελομένῳ,
681 2150 826 2222 σύμφωνον
841 2148 867 2204 ἓν

102 2236 179 2306 σῶμα
196 2236 380 2302 πεποιηκέναι

166 2314 287 2383 Μιιιςδ’
314 2316 387 2420 idme,
403 2319 645 2421 ἐπιμνησθήσομαι
671 2339 866 2393 πραγματικης,

101 2421 134 2468 ην
147 2398 275 2476 οὐδεμιᾶς
293 2406 345 2457 τῶν
365 2400 506 2475 είρημὲνων
529 2423 608 2469 ηττον
620 2401 680 2459 ἐν
664 2406 783 2466 σπάσαις
796 2401 868 2457 ἱστο-

100 2486 170 2559 ρίαις
182 2488 321 2585 ζητοῦμεν,
350 2488 398 2555 τὴν
412 2482 496 2541 αάιου
511 2506 560 2540 του
580 2491 773 2587 συγγραφέως
769 2487 867 2542 διάθε-

100 2586 151 2634 σιν,
177 2558 335 2670 ᾗκίγρηται
351 2574 418 2643 πρὸς
436 2573 470 2625 τά
488 2573 650 2671 πράγματα,
677 2570 738 2648 περὶ
752 2558 789 2626 ὧν
802 2570 867 2644 γρά·

92 2670 150 2722 φει
185 2649 266 2731 ημίν
277 2650 429 2734 Ἡροδότου
445 2654 566 2719 διάθεσις
579 2651 646 2710 ἐν’
626 2676 728 2711 απασιν
741 2654 866 2724 ἐπιεικης,
