1950 2954
164 202 211 262 136
324 198 484 248 DIONYSII
504 195 753 248 HALICARNASS.

162 308 214 363 τῶν
227 303 357 377 βιωτικῶν
375 303 556 375 διαλεγόμεθα
571 303 704 368 πολίταις,
734 297 751 369 ἢ
776 301 886 372 φίλοις,
914 298 933 371 ή

164 390 328 464 συγγενέσιν,
347 385 520 460 διηγσόμενοί
533 406 557 440 τι
571 387 623 440 τῶν
636 386 848 458 συμβεβηκότων
862 390 931 441 ίαν-

163 479 232 539 τοῖς,
260 469 278 540 ή
296 470 543 542 συμβουλευόμενοι
557 470 619 543 περί
632 490 702 533 τινος
720 471 772 524 τῶν
789 466 930 542 τίναγιιαί-

163 580 209 625 ων,
234 554 465 624 ήνουθετοίιντες,
494 549 749 626 ήπαραιιαλοῒιντες,
777 550 930 622 ήσιινηδό··

162 660 237 713 μενοι
265 641 320 699 τοῖς
344 635 477 711 ἀγαθοῖς,
500 633 519 704 ή
532 639 726 712 συναλγοῦντες
739 640 796 702 τοῖς
821 641 929 702 κανοῖς·

163 726 197 780 έῶ
209 724 262 797 γὰρ
276 723 367 793 λέγειν,
400 717 508 777 ὅτιτῶν
534 717 617 785 οὕτως
642 721 836 794 διαλεγομένων
864 716 929 776 οδδέ

164 806 193 863 αἱ
208 808 317 880 μητέρες
343 802 436 860 έλνιιαὶ
462 803 489 859 ολ
514 807 623 879 πατέρες
642 802 803 874 ἀνάσχοιντο
819 805 864 860 διό
878 806 928 874 τήν

163 889 274 961 ἅηδίαν·
303 884 359 945 ἀλλ’
380 885 468 963 ὥσπερ
490 883 576 945 ἄλλον
599 888 699 951 ἔθνους
710 889 831 964 γλώσσης
845 886 926 944 διιοίι-

164 997 243 1041 οντες,
258 975 310 1028 τῶν
321 975 535 1047 ἑρμηνευσόντων
547 972 582 1029 όν
596 973 724 1040 δεηθεῖεν.
745 974 833 1029 τοῦτοί
845 977 925 1039 ἐστιν,

165 1055 183 1113 ίί
197 1059 317 1133 περὶτοῦ
331 1059 650 1133 συγγραφέωςόπείοθην,
677 1059 743 1127 μετιὶ
757 1062 847 1127 πόσης
860 1054 927 1127 οίλη·

164 1144 243 1206 θείας
258 1139 394 1215 εἰρημένα,
420 1142 489 1197 νατό
504 1143 552 1208 τήν
568 1143 633 1212 ἐμήν
653 1141 777 1214 δέννομιν.

231 1231 275 1282 .ιο
294 1222 446 1297 Ανοίγνηδέ
473 1224 518 1280 και
530 1247 564 1280 τα
589 1224 757 1298 λεγόμεν”α
745 1227 812 1299 νπὲρ
839 1219 926 1280 αὐτου

165 1317 232 1365 τισίν
246 1310 364 1370 ἐξετάσαι
378 1304 412 1364 δι
426 1306 574 1380 όλίγοιν,“’
563 1328 606 1362 ινα
614 1308 700 1413 μηδέν
712 1312 866 1384 παρετκέναι
882 1308 925 1362 δο·

164 1397 208 1450 κῶ.
237 1415 279 1448 οτι
291 1415 340 1466 μεν
354 1413 403 1447 ουν
431 1413 481 1448 ουτ
515 1389 550 1456 ελς
575 1391 925 1467 τοὺςπολιτικοόςαγῶνας

164 1478 336 1542 πιτηδειός
323 1497 407 1543 εστιν
435 1471 495 1532 οὔτ’
514 1474 560 1578 εἷς·
569 1479 617 1540 ταὶς
635 1476 739 1550 δμιλίας
758 1479 804 1540 τός
829 1478 925 1549 βιωτι-

165 1567 218 1626 νιὶς,
245 1581 325 1624 ουτος
339 1582 353 1615 ο
345 1556 560 1635 Ηχαραιιτήρ,
541 1582 656 1623 απαντες
670 1559 926 1636 ὁμολογήσουσιν
900 1581 926 1616 οι

164 1648 198 1712 μή
228 1645 425 1714 διεφθαρμένοι
449 1645 497 1712 τήν
511 1645 643 1711 διάνοιαν,
667 1641 723 1699 ἄλλ’
750 1649 778 1700 έν
803 1645 838 1717 τῷ
857 1664 926 1699 κατα

165 1727 247 1799 φύσιν
261 1730 306 1788 τιίς
333 1724 473 1795 αἰσθήσεις
496 1728 602 1798 ἔχοντες.
631 1731 792 1830 έπιγειροίρσι
813 1727 842 1783 δέ
861 1747 927 1790 τινες

165 1808 213 1865 οὐκ
227 1807 277 1866 δι’δο
280 1815 320 1875 ξοι
343 1810 575 1884 σοφισταλλέγειν,
604 1808 646 1867 δτι
660 1816 715 1877 τοῖς
731 1815 780 1883 μέν
799 1815 868 1886 πρός
882 1813 927 1874 τός

165 1892 270 1964 ὀχλικός
289 1895 412 1960 έντεόξεις
436 1899 693 1996 παρεσκευασμένοις
718 1898 764 1952 καί
782 1897 815 1948 τιί
835 1896 926 1951 δίκαια

166 1983 297 2052 λέγουσιν,
322 1999 370 2036 ουκ
397 1979 468 2036 εἀτιν
493 1966 926 2085 ἐπιτήδειοςοὗτοςδγαραντήρ·

167 2067 221 2134 τοῖς
235 2063 306 2118 δέ
276 2086 322 2128 τας
342 2064 477 2137 ἱστορικός
503 2064 685 2137 πραγματείας
699 2068 855 2138 ἐκφέροισιν
885 2069 928 2125 αἱς

164 2151 430 2222 μεγαλοπρεπείαςτε
455 2147 552 2202 δείναὶ
579 2149 753 2221 σεμνολογίας
779 2149 824 2203 καὶ
839 2170 926 2203 κατα-

165 2233 282 2299 πλήξεως,
309 2232 409 2293 παντός
433 2233 550 2302 μάλιστα
566 2232 693 2307 προσήκει
719 2233 821 2301 ταίντην
835 2229 927 2287 δακεῖν

164 2316 211 2379 τήν
228 2318 328 2386 φράσιν
346 2317 394 2382 τήν
419 2317 650 2388 γλλοιττηματικήν
664 2336 690 2369 τε
709 2316 753 2370 καί
764 2314 926 2388 ἀπηρχαιω-

162 2400 250 2463 μένην,
281 2399 325 2453 καί
339 2401 474 2470 τροπικήν,
498 2400 544 2454 καί
557 2402 746 2470 ἐξηλλαγμένην
761 2402 812 2454 τῶν
826 2404 853 2454 έν
867 2398 927 2455 ἔθει

161 2482 301 2549 αγημιίτων
322 2483 364 2536 ἐπί
379 2484 409 2535 τὸ
426 2484 498 2536 Ξένον
512 2483 558 2536 καὶ
576 2485 704 2556 περιττόν,
733 2479 766 2537 οὗ
778 2486 832 2556 γιίρ
852 2502 925 2557 αγοκ

151 2564 244 2639 ροιόοις
258 2565 431 2645 οἷνθρὼποις,
452 2561 512 2625 οὔδ’
531 2565 701 2637 ἐπιδιφρίοις,
711 2563 731 2629 ίή
741 2570 922 2637 χειροτέχναις,

143 2648 215 2712 ον’δέ
244 2662 305 2724 τοῖς
327 2654 434 2725 ἄλλοις,
462 2653 491 2713 οἳ
509 2657 542 2726 μὴ
565 2650 686 2724 μῑῑέῦλῦλ
711 2645 816 2715 ‹⁸1me
832 2649 939 2695 &³³3¹-
